market,trade_date_utc,trade_time_utc,timestamp,trade_price,trade_volume,prev_closing_price,change_price,ask_bid,sequential_id
KRW-TT,2024-03-20,12:51:31,1710939091560,7.672,712.62481193,7.473,0.199,BID,17109390915600000
KRW-TT,2024-03-20,12:51:30,1710939090700,7.672,13027.89689618,7.473,0.199,BID,17109390907000000
KRW-TT,2024-03-20,12:51:22,1710939082035,7.672,712.62481193,7.473,0.199,BID,17109390820350000
KRW-TT,2024-03-20,12:51:15,1710939075605,7.672,712.62481193,7.473,0.199,BID,17109390756050000
KRW-TT,2024-03-20,12:51:14,1710939074327,7.672,723.31552196,7.473,0.199,BID,17109390743270000
KRW-TT,2024-03-20,12:51:11,1710939071991,7.672,4416.32062869,7.473,0.199,BID,17109390719910002
KRW-TT,2024-03-20,12:51:11,1710939071991,7.669,712.62481193,7.473,0.196,BID,17109390719910001
KRW-TT,2024-03-20,12:51:11,1710939071991,7.669,1389.08181692,7.473,0.196,BID,17109390719910000
KRW-TT,2024-03-20,12:51:11,1710939071247,7.668,111337.45204024,7.473,0.195,BID,17109390712470000
KRW-TT,2024-03-20,12:51:07,1710939067735,7.667,34282.84274209,7.473,0.194,BID,17109390677350000
KRW-TT,2024-03-20,12:51:01,1710939061186,7.667,65197.54857217,7.473,0.194,BID,17109390611860000
KRW-TT,2024-03-20,12:51:00,1710939060638,7.665,123633.13062608,7.473,0.192,ASK,17109390606380000
KRW-TT,2024-03-20,12:50:55,1710939055150,7.667,723.31552196,7.473,0.194,BID,17109390551500000
KRW-TT,2024-03-20,12:50:42,1710939042001,7.665,53497.46711708,7.473,0.192,ASK,17109390420010000
KRW-TT,2024-03-20,12:50:41,1710939041938,7.665,1109375.35768335,7.473,0.192,ASK,17109390419380000
KRW-TT,2024-03-20,12:50:39,1710939039372,7.668,723.31552196,7.473,0.195,BID,17109390393720000
KRW-TT,2024-03-20,12:50:27,1710939027924,7.665,407827.18255088,7.473,0.192,ASK,17109390279240000
KRW-TT,2024-03-20,12:50:25,1710939025688,7.665,182549.62230973,7.473,0.192,ASK,17109390256880000
KRW-TT,2024-03-20,12:50:25,1710939025511,7.668,723.31552196,7.473,0.195,BID,17109390255110000
KRW-TT,2024-03-20,12:50:24,1710939024648,7.665,156015.10910096,7.473,0.192,ASK,17109390246480000
KRW-TT,2024-03-20,12:50:15,1710939015929,7.665,152106.89614791,7.473,0.192,ASK,17109390159290000
KRW-TT,2024-03-20,12:50:15,1710939015835,7.665,152106.89614791,7.473,0.192,ASK,17109390158350000
KRW-TT,2024-03-20,12:50:15,1710939015737,7.665,119040.17959403,7.473,0.192,ASK,17109390157370000
KRW-TT,2024-03-20,12:50:15,1710939015659,7.665,60464.85312713,7.473,0.192,ASK,17109390156590000
KRW-TT,2024-03-20,12:50:14,1710939014677,7.665,4000.0,7.473,0.192,ASK,17109390146770000
KRW-TT,2024-03-20,12:50:11,1710939011861,7.669,2542.03806662,7.473,0.196,BID,17109390118610000
KRW-TT,2024-03-20,12:50:08,1710939008356,7.665,249694.99768986,7.473,0.192,ASK,17109390083560000
KRW-TT,2024-03-20,12:50:06,1710939006818,7.665,60000.0,7.473,0.192,ASK,17109390068180000
KRW-TT,2024-03-20,12:50:04,1710939004604,7.665,210694.18551903,7.473,0.192,BID,17109390046040000
KRW-TT,2024-03-20,12:50:04,1710939004466,7.641,34521.37712497,7.473,0.168,ASK,17109390044660000
KRW-TT,2024-03-20,12:49:36,1710938976082,7.669,712.62481193,7.473,0.196,BID,17109389760820000
KRW-TT,2024-03-20,12:49:27,1710938967137,7.67,712.62481193,7.473,0.197,BID,17109389671370000
KRW-TT,2024-03-20,12:49:21,1710938961452,7.67,712.62481193,7.473,0.197,BID,17109389614520000
KRW-TT,2024-03-20,12:49:08,1710938948955,7.671,19279.78362877,7.473,0.198,BID,17109389489550000
KRW-TT,2024-03-20,12:49:01,1710938941382,7.672,7820.64650677,7.473,0.199,BID,17109389413820000
KRW-TT,2024-03-20,12:48:51,1710938931027,7.673,26065.42421477,7.473,0.2,BID,17109389310270000
KRW-TT,2024-03-20,12:48:47,1710938927761,7.638,5090.29417003,7.473,0.165,ASK,17109389277610000
KRW-TT,2024-03-20,12:48:35,1710938915775,7.673,83852.68554116,7.473,0.2,ASK,17109389157750000
KRW-TT,2024-03-20,12:48:35,1710938915392,7.673,951.13799416,7.473,0.2,BID,17109389153920001
KRW-TT,2024-03-20,12:48:35,1710938915392,7.673,45523.29753857,7.473,0.2,BID,17109389153920000
KRW-TT,2024-03-20,12:48:33,1710938913290,7.673,23409.58294847,7.473,0.2,BID,17109389132900002
KRW-TT,2024-03-20,12:48:33,1710938913290,7.673,17594.63172201,7.473,0.2,BID,17109389132900001
KRW-TT,2024-03-20,12:48:33,1710938913290,7.673,89322.90640341,7.473,0.2,BID,17109389132900000
KRW-TT,2024-03-20,12:48:32,1710938912433,7.637,800.0,7.473,0.164,ASK,17109389124330000
KRW-TT,2024-03-20,12:48:28,1710938908747,7.673,78242.79942656,7.473,0.2,BID,17109389087470000
KRW-TT,2024-03-20,12:48:13,1710938893678,7.673,2545.18300819,7.473,0.2,BID,17109388936780000
KRW-TT,2024-03-20,12:48:12,1710938892780,7.673,2545.11116184,7.473,0.2,BID,17109388927800000
KRW-TT,2024-03-20,12:48:03,1710938883340,7.636,249694.99768986,7.473,0.163,ASK,17109388833400003
KRW-TT,2024-03-20,12:48:03,1710938883340,7.636,5238.34468308,7.473,0.163,ASK,17109388833400002
KRW-TT,2024-03-20,12:48:03,1710938883340,7.636,720.27239392,7.473,0.163,ASK,17109388833400001
KRW-TT,2024-03-20,12:48:03,1710938883340,7.636,8261.43165682,7.473,0.163,ASK,17109388833400000
KRW-TT,2024-03-20,12:47:48,1710938868521,7.636,2545.07698644,7.473,0.163,ASK,17109388685210000
KRW-TT,2024-03-20,12:47:46,1710938866026,7.674,2545.07698644,7.473,0.201,BID,17109388660260000
KRW-TT,2024-03-20,12:47:13,1710938833489,7.677,16591.37683991,7.473,0.204,BID,17109388334890000
KRW-TT,2024-03-20,12:47:06,1710938826430,7.677,722.84449075,7.473,0.204,BID,17109388264300000
KRW-TT,2024-03-20,12:46:45,1710938805019,7.678,693.75,7.473,0.205,BID,17109388050190000
KRW-TT,2024-03-20,12:46:41,1710938801724,7.634,447820.89173343,7.473,0.161,ASK,17109388017240005
KRW-TT,2024-03-20,12:46:41,1710938801724,7.635,720.36673215,7.473,0.162,ASK,17109388017240004
KRW-TT,2024-03-20,12:46:41,1710938801724,7.635,253433.72845338,7.473,0.162,ASK,17109388017240003
KRW-TT,2024-03-20,12:46:41,1710938801724,7.636,720.27239392,7.473,0.163,ASK,17109388017240002
KRW-TT,2024-03-20,12:46:41,1710938801724,7.636,70000.0,7.473,0.163,ASK,17109388017240001
KRW-TT,2024-03-20,12:46:41,1710938801724,7.637,253620.73448021,7.473,0.164,ASK,17109388017240000
KRW-TT,2024-03-20,12:46:23,1710938783480,7.679,712.62481193,7.473,0.206,BID,17109387834800000
KRW-TT,2024-03-20,12:46:21,1710938781485,7.679,1178.93633743,7.473,0.206,BID,17109387814850000
KRW-TT,2024-03-20,12:46:16,1710938776238,7.679,712.62481193,7.473,0.206,BID,17109387762380000
KRW-TT,2024-03-20,12:46:11,1710938771286,7.679,26189.59499934,7.473,0.206,BID,17109387712860000
KRW-TT,2024-03-20,12:46:11,1710938771037,7.679,712.62481193,7.473,0.206,BID,17109387710370000
KRW-TT,2024-03-20,12:46:03,1710938763960,7.679,712.62481193,7.473,0.206,BID,17109387639600000
KRW-TT,2024-03-20,12:46:00,1710938760470,7.634,242648.26890049,7.473,0.161,ASK,17109387604700000
KRW-TT,2024-03-20,12:45:59,1710938759348,7.679,693.75,7.473,0.206,BID,17109387593480000
KRW-TT,2024-03-20,12:45:54,1710938754458,7.634,3108.59098338,7.473,0.161,ASK,17109387544580000
KRW-TT,2024-03-20,12:45:51,1710938751560,7.634,862142.58620686,7.473,0.161,BID,17109387515600000
KRW-TT,2024-03-20,12:45:50,1710938750774,7.634,712.62481193,7.473,0.161,BID,17109387507740000
KRW-TT,2024-03-20,12:45:49,1710938749252,7.634,317783.01685138,7.473,0.161,BID,17109387492520001
KRW-TT,2024-03-20,12:45:49,1710938749252,7.633,78180.25380566,7.473,0.16,BID,17109387492520000
KRW-TT,2024-03-20,12:45:46,1710938746966,7.633,720.55548277,7.473,0.16,ASK,17109387469660001
KRW-TT,2024-03-20,12:45:46,1710938746966,7.633,8720.89996424,7.473,0.16,ASK,17109387469660000
KRW-TT,2024-03-20,12:45:44,1710938744169,7.634,1000.0,7.473,0.161,ASK,17109387441690001
KRW-TT,2024-03-20,12:45:44,1710938744169,7.634,310369.72949475,7.473,0.161,ASK,17109387441690000
KRW-TT,2024-03-20,12:45:42,1710938742948,7.636,88574.37676204,7.473,0.163,BID,17109387429480000
KRW-TT,2024-03-20,12:45:42,1710938742905,7.638,712.62481193,7.473,0.165,ASK,17109387429050000
KRW-TT,2024-03-20,12:45:37,1710938737834,7.634,5830.04329373,7.473,0.161,ASK,17109387378340001
KRW-TT,2024-03-20,12:45:37,1710938737834,7.634,720.4610951,7.473,0.161,ASK,17109387378340000
KRW-TT,2024-03-20,12:45:32,1710938732301,7.636,17594.63172201,7.473,0.163,BID,17109387323010000
KRW-TT,2024-03-20,12:45:32,1710938732189,7.636,720.27239392,7.473,0.163,ASK,17109387321890003
KRW-TT,2024-03-20,12:45:32,1710938732189,7.636,65479.3085385,7.473,0.163,ASK,17109387321890002
KRW-TT,2024-03-20,12:45:32,1710938732189,7.638,720.08379156,7.473,0.165,ASK,17109387321890001
KRW-TT,2024-03-20,12:45:32,1710938732189,7.638,42595.64851645,7.473,0.165,ASK,17109387321890000
KRW-TT,2024-03-20,12:45:26,1710938726941,7.638,5103.59691189,7.473,0.165,ASK,17109387269410000
KRW-TT,2024-03-20,12:45:21,1710938721164,7.679,1500.0,7.473,0.206,BID,17109387211640000
KRW-TT,2024-03-20,12:45:14,1710938714073,7.68,712.62481193,7.473,0.207,BID,17109387140730000
KRW-TT,2024-03-20,12:45:07,1710938707846,7.681,712.62481193,7.473,0.208,BID,17109387078460000
KRW-TT,2024-03-20,12:45:05,1710938705003,7.681,977.5089021,7.473,0.208,BID,17109387050030000
KRW-TT,2024-03-20,12:45:02,1710938702955,7.681,218012.84149066,7.473,0.208,BID,17109387029550002
KRW-TT,2024-03-20,12:45:02,1710938702955,7.681,8422.9113429,7.473,0.208,BID,17109387029550001
KRW-TT,2024-03-20,12:45:02,1710938702955,7.681,61936.19866124,7.473,0.208,BID,17109387029550000
KRW-TT,2024-03-20,12:45:00,1710938700670,7.681,712.62481193,7.473,0.208,BID,17109387006700000
KRW-TT,2024-03-20,12:44:53,1710938693565,7.681,712.62481193,7.473,0.208,BID,17109386935650000
KRW-TT,2024-03-20,12:44:49,1710938689888,7.682,3339.15217778,7.473,0.209,BID,17109386898880003
KRW-TT,2024-03-20,12:44:49,1710938689888,7.682,45872.30314201,7.473,0.209,BID,17109386898880002
KRW-TT,2024-03-20,12:44:49,1710938689888,7.682,248876.80045232,7.473,0.209,BID,17109386898880001
KRW-TT,2024-03-20,12:44:49,1710938689888,7.681,135367.49747597,7.473,0.208,BID,17109386898880000
KRW-TT,2024-03-20,12:44:49,1710938689879,7.64,73344.29491244,7.473,0.167,ASK,17109386898790000
KRW-TT,2024-03-20,12:44:47,1710938687115,7.681,712.62481193,7.473,0.208,BID,17109386871150000
KRW-TT,2024-03-20,12:44:44,1710938684995,7.64,1040.44739237,7.473,0.167,ASK,17109386849950000
KRW-TT,2024-03-20,12:44:39,1710938679964,7.64,26960.91876672,7.473,0.167,ASK,17109386799640000
KRW-TT,2024-03-20,12:44:39,1710938679485,7.64,951.13799416,7.473,0.167,ASK,17109386794850002
KRW-TT,2024-03-20,12:44:39,1710938679485,7.64,719.89528795,7.473,0.167,ASK,17109386794850001
KRW-TT,2024-03-20,12:44:39,1710938679485,7.64,1024.38450764,7.473,0.167,ASK,17109386794850000
KRW-TT,2024-03-20,12:44:23,1710938663141,7.64,917.96875,7.473,0.167,ASK,17109386631410000
KRW-TT,2024-03-20,12:44:19,1710938659737,7.64,1057.64674236,7.473,0.167,ASK,17109386597370002
KRW-TT,2024-03-20,12:44:19,1710938659737,7.653,10987.32523193,7.473,0.18,ASK,17109386597370001
KRW-TT,2024-03-20,12:44:19,1710938659737,7.653,5618.71161636,7.473,0.18,ASK,17109386597370000
KRW-TT,2024-03-20,12:44:16,1710938656398,7.682,693.75,7.473,0.209,BID,17109386563980000
KRW-TT,2024-03-20,12:44:13,1710938653069,7.663,700.0,7.473,0.19,ASK,17109386530690000
KRW-TT,2024-03-20,12:44:01,1710938641066,7.682,123558.07647128,7.473,0.209,ASK,17109386410660000
KRW-TT,2024-03-20,12:44:01,1710938641025,7.683,69361.37455138,7.473,0.21,BID,17109386410250003
KRW-TT,2024-03-20,12:44:01,1710938641025,7.683,650.78745282,7.473,0.21,BID,17109386410250002
KRW-TT,2024-03-20,12:44:01,1710938641025,7.683,9386.50893845,7.473,0.21,BID,17109386410250001
KRW-TT,2024-03-20,12:44:01,1710938641025,7.683,47711.27401979,7.473,0.21,BID,17109386410250000
KRW-TT,2024-03-20,12:44:00,1710938640915,7.682,7452.01130547,7.473,0.209,BID,17109386409150000
KRW-TT,2024-03-20,12:44:00,1710938640861,7.682,13017.44337412,7.473,0.209,BID,17109386408610000
KRW-TT,2024-03-20,12:43:56,1710938636887,7.682,108413.16028176,7.473,0.209,BID,17109386368870001
KRW-TT,2024-03-20,12:43:56,1710938636887,7.653,21843.73483803,7.473,0.18,BID,17109386368870000
KRW-TT,2024-03-20,12:43:51,1710938631944,7.633,4380.10881343,7.473,0.16,ASK,17109386319440000
KRW-TT,2024-03-20,12:43:50,1710938630049,7.653,2551.76243889,7.473,0.18,BID,17109386300490000
KRW-TT,2024-03-20,12:43:49,1710938629051,7.653,2551.834473,7.473,0.18,BID,17109386290510000
KRW-TT,2024-03-20,12:43:36,1710938616926,7.653,3567.6660559,7.473,0.18,ASK,17109386169260000
KRW-TT,2024-03-20,12:43:32,1710938612973,7.615,650924.8815144,7.473,0.142,ASK,17109386129730012
KRW-TT,2024-03-20,12:43:32,1710938612973,7.63,720.83879423,7.473,0.157,ASK,17109386129730011
KRW-TT,2024-03-20,12:43:32,1710938612973,7.63,6553.07994757,7.473,0.157,ASK,17109386129730010
KRW-TT,2024-03-20,12:43:32,1710938612973,7.63,3087.97108654,7.473,0.157,ASK,17109386129730009
KRW-TT,2024-03-20,12:43:32,1710938612973,7.631,131044.42405975,7.473,0.158,ASK,17109386129730008
KRW-TT,2024-03-20,12:43:32,1710938612973,7.631,2620.8884812,7.473,0.158,ASK,17109386129730007
KRW-TT,2024-03-20,12:43:32,1710938612973,7.631,720.74433232,7.473,0.158,ASK,17109386129730006
KRW-TT,2024-03-20,12:43:32,1710938612973,7.631,29215.47946048,7.473,0.158,ASK,17109386129730005
KRW-TT,2024-03-20,12:43:32,1710938612973,7.632,74784.1488061,7.473,0.159,ASK,17109386129730004
KRW-TT,2024-03-20,12:43:32,1710938612973,7.632,378714.81918238,7.473,0.159,ASK,17109386129730003
KRW-TT,2024-03-20,12:43:32,1710938612973,7.633,128882.61496135,7.473,0.16,ASK,17109386129730002
KRW-TT,2024-03-20,12:43:32,1710938612973,7.633,262942.15659103,7.473,0.16,ASK,17109386129730001
KRW-TT,2024-03-20,12:43:32,1710938612973,7.633,15383.00799161,7.473,0.16,ASK,17109386129730000
KRW-TT,2024-03-20,12:43:30,1710938610696,7.685,313261.66059807,7.473,0.212,BID,17109386106960016
KRW-TT,2024-03-20,12:43:30,1710938610696,7.685,274728.09237825,7.473,0.212,BID,17109386106960015
KRW-TT,2024-03-20,12:43:30,1710938610696,7.685,129119.05482675,7.473,0.212,BID,17109386106960014
KRW-TT,2024-03-20,12:43:30,1710938610696,7.666,652.23062876,7.473,0.193,BID,17109386106960013
KRW-TT,2024-03-20,12:43:30,1710938610696,7.666,29685.56733253,7.473,0.193,BID,17109386106960012
KRW-TT,2024-03-20,12:43:30,1710938610696,7.663,16845.8226858,7.473,0.19,BID,17109386106960011
KRW-TT,2024-03-20,12:43:30,1710938610696,7.663,5886.41967979,7.473,0.19,BID,17109386106960010
KRW-TT,2024-03-20,12:43:30,1710938610696,7.663,56852.34170141,7.473,0.19,BID,17109386106960009
KRW-TT,2024-03-20,12:43:30,1710938610696,7.66,21990.7427671,7.473,0.187,BID,17109386106960008
KRW-TT,2024-03-20,12:43:30,1710938610696,7.658,96082.79742765,7.473,0.185,BID,17109386106960007
KRW-TT,2024-03-20,12:43:30,1710938610696,7.658,40345.59695659,7.473,0.185,BID,17109386106960006
KRW-TT,2024-03-20,12:43:30,1710938610696,7.657,278558.060827,7.473,0.184,BID,17109386106960005
KRW-TT,2024-03-20,12:43:30,1710938610696,7.656,47711.2740198,7.473,0.183,BID,17109386106960004
KRW-TT,2024-03-20,12:43:30,1710938610696,7.655,13877.32445184,7.473,0.182,BID,17109386106960003
KRW-TT,2024-03-20,12:43:30,1710938610696,7.655,92186.40641117,7.473,0.182,BID,17109386106960002
KRW-TT,2024-03-20,12:43:30,1710938610696,7.653,2987.1785035,7.473,0.18,BID,17109386106960001
KRW-TT,2024-03-20,12:43:30,1710938610696,7.653,54192.15064349,7.473,0.18,BID,17109386106960000
KRW-TT,2024-03-20,12:43:28,1710938608609,7.653,13061.65099268,7.473,0.18,BID,17109386086090000
KRW-TT,2024-03-20,12:43:00,1710938580471,7.653,3920.03136025,7.473,0.18,BID,17109385804710000
KRW-TT,2024-03-20,12:42:56,1710938576815,7.653,3920.03136025,7.473,0.18,BID,17109385768150000
KRW-TT,2024-03-20,12:42:48,1710938568220,7.653,13066.77120083,7.473,0.18,BID,17109385682200000
KRW-TT,2024-03-20,12:42:44,1710938564389,7.653,1306.33572828,7.473,0.18,BID,17109385643890000
KRW-TT,2024-03-20,12:42:38,1710938558364,7.653,693.75,7.473,0.18,BID,17109385583640000
KRW-TT,2024-03-20,12:42:32,1710938552034,7.631,104531.69491459,7.473,0.158,ASK,17109385520340001
KRW-TT,2024-03-20,12:42:32,1710938552034,7.631,113942.44794831,7.473,0.158,ASK,17109385520340000
KRW-TT,2024-03-20,12:42:31,1710938551437,7.655,1300.0,7.473,0.182,BID,17109385514370000
KRW-TT,2024-03-20,12:42:29,1710938549374,7.631,122789.32025089,7.473,0.158,ASK,17109385493740000
KRW-TT,2024-03-20,12:42:28,1710938548240,7.655,2596.39101648,7.473,0.182,BID,17109385482400000
KRW-TT,2024-03-20,12:42:19,1710938539454,7.657,693.75,7.473,0.184,BID,17109385394540000
KRW-TT,2024-03-20,12:42:14,1710938534990,7.631,156401.50398006,7.473,0.158,ASK,17109385349900001
KRW-TT,2024-03-20,12:42:14,1710938534990,7.631,89177.13652172,7.473,0.158,ASK,17109385349900000
KRW-TT,2024-03-20,12:42:12,1710938532615,7.631,2553.9603201,7.473,0.158,ASK,17109385326150000
KRW-TT,2024-03-20,12:42:10,1710938530928,7.658,693.75,7.473,0.185,BID,17109385309280000
KRW-TT,2024-03-20,12:42:00,1710938520818,7.658,57612.62431047,7.473,0.185,BID,17109385208180000
KRW-TT,2024-03-20,12:41:55,1710938515659,7.661,693.75,7.473,0.188,BID,17109385156590000
KRW-TT,2024-03-20,12:41:53,1710938513991,7.63,13106.15989516,7.473,0.157,ASK,17109385139910000
KRW-TT,2024-03-20,12:41:48,1710938508500,7.63,3939.07563026,7.473,0.157,ASK,17109385085000000
KRW-TT,2024-03-20,12:41:43,1710938503824,7.662,693.75,7.473,0.189,BID,17109385038240000
KRW-TT,2024-03-20,12:41:39,1710938499513,7.617,13877.32445184,7.473,0.144,ASK,17109384995130000
KRW-TT,2024-03-20,12:41:36,1710938496367,7.63,15499.23948712,7.473,0.157,ASK,17109384963670000
KRW-TT,2024-03-20,12:41:33,1710938493781,7.63,10617.05855247,7.473,0.157,BID,17109384937810000
KRW-TT,2024-03-20,12:41:33,1710938493542,7.615,1613.98789509,7.473,0.142,ASK,17109384935420000
KRW-TT,2024-03-20,12:41:30,1710938490741,7.63,56602.50371289,7.473,0.157,BID,17109384907410001
KRW-TT,2024-03-20,12:41:30,1710938490741,7.62,2214.6132693,7.473,0.147,BID,17109384907410000
KRW-TT,2024-03-20,12:41:30,1710938490642,7.62,50414.67169902,7.473,0.147,BID,17109384906420000
KRW-TT,2024-03-20,12:41:29,1710938489560,7.62,105258.56993663,7.473,0.147,BID,17109384895600000
KRW-TT,2024-03-20,12:41:29,1710938489448,7.62,52629.28496832,7.473,0.147,BID,17109384894480000
KRW-TT,2024-03-20,12:41:29,1710938489354,7.615,613394.84970636,7.473,0.142,BID,17109384893540003
KRW-TT,2024-03-20,12:41:29,1710938489354,7.613,13727.38275937,7.473,0.14,BID,17109384893540002
KRW-TT,2024-03-20,12:41:29,1710938489354,7.613,106031.70081221,7.473,0.14,BID,17109384893540001
KRW-TT,2024-03-20,12:41:29,1710938489354,7.613,274071.32106602,7.473,0.14,BID,17109384893540000
KRW-TT,2024-03-20,12:41:24,1710938484238,7.607,1384.89245046,7.473,0.134,ASK,17109384842380000
KRW-TT,2024-03-20,12:41:16,1710938476854,7.607,86840.86481693,7.473,0.134,ASK,17109384768540001
KRW-TT,2024-03-20,12:41:16,1710938476854,7.608,64467.08727655,7.473,0.135,ASK,17109384768540000
KRW-TT,2024-03-20,12:41:06,1710938466577,7.613,656.77131222,7.473,0.14,BID,17109384665770000
KRW-TT,2024-03-20,12:41:05,1710938465084,7.607,67122.35350114,7.473,0.134,ASK,17109384650840000
KRW-TT,2024-03-20,12:41:00,1710938460742,7.607,13605.44217687,7.473,0.134,ASK,17109384607420000
KRW-TT,2024-03-20,12:40:57,1710938457173,7.607,38991.42188718,7.473,0.134,ASK,17109384571730000
KRW-TT,2024-03-20,12:40:51,1710938451624,7.607,59948.87733866,7.473,0.134,ASK,17109384516240000
KRW-TT,2024-03-20,12:40:38,1710938438699,7.609,1096.4909975,7.473,0.136,BID,17109384386990000
KRW-TT,2024-03-20,12:40:37,1710938437507,7.609,18430.59859277,7.473,0.136,ASK,17109384375070000
KRW-TT,2024-03-20,12:40:33,1710938433536,7.609,8593.61624067,7.473,0.136,ASK,17109384335360000
KRW-TT,2024-03-20,12:40:30,1710938430642,7.615,32829.9409061,7.473,0.142,BID,17109384306420000
KRW-TT,2024-03-20,12:40:14,1710938414695,7.609,38687.44241455,7.473,0.136,BID,17109384146950000
KRW-TT,2024-03-20,12:40:01,1710938401408,7.606,127530.89666054,7.473,0.133,BID,17109384014080000
KRW-TT,2024-03-20,12:39:56,1710938396003,7.605,26881.7204301,7.473,0.132,ASK,17109383960030000
KRW-TT,2024-03-20,12:39:55,1710938395951,7.605,59948.87733865,7.473,0.132,ASK,17109383959510000
KRW-TT,2024-03-20,12:39:54,1710938394585,7.605,17282.77424772,7.473,0.132,ASK,17109383945850002
KRW-TT,2024-03-20,12:39:54,1710938394585,7.605,723.20841551,7.473,0.132,ASK,17109383945850001
KRW-TT,2024-03-20,12:39:54,1710938394585,7.605,10807.49389927,7.473,0.132,ASK,17109383945850000
KRW-TT,2024-03-20,12:39:52,1710938392478,7.605,2666.31115851,7.473,0.132,ASK,17109383924780000
KRW-TT,2024-03-20,12:39:44,1710938384585,7.605,516188.25956955,7.473,0.132,ASK,17109383845850000
KRW-TT,2024-03-20,12:39:43,1710938383442,7.606,3944.25453589,7.473,0.133,ASK,17109383834420000
KRW-TT,2024-03-20,12:39:39,1710938379190,7.614,1313.37010769,7.473,0.141,ASK,17109383791900000
KRW-TT,2024-03-20,12:39:30,1710938370658,7.605,512756.28822097,7.473,0.132,ASK,17109383706580026
KRW-TT,2024-03-20,12:39:30,1710938370658,7.608,722.92323869,7.473,0.135,ASK,17109383706580025
KRW-TT,2024-03-20,12:39:30,1710938370658,7.608,5000.0,7.473,0.135,ASK,17109383706580024
KRW-TT,2024-03-20,12:39:30,1710938370658,7.609,722.82822972,7.473,0.136,ASK,17109383706580023
KRW-TT,2024-03-20,12:39:30,1710938370658,7.609,7881.45814068,7.473,0.136,ASK,17109383706580022
KRW-TT,2024-03-20,12:39:30,1710938370658,7.609,3500.0,7.473,0.136,ASK,17109383706580021
KRW-TT,2024-03-20,12:39:30,1710938370658,7.609,19713.49717439,7.473,0.136,ASK,17109383706580020
KRW-TT,2024-03-20,12:39:30,1710938370658,7.609,64220.87944068,7.473,0.136,ASK,17109383706580019
KRW-TT,2024-03-20,12:39:30,1710938370658,7.61,722.73324572,7.473,0.137,ASK,17109383706580018
KRW-TT,2024-03-20,12:39:30,1710938370658,7.61,2562.41787122,7.473,0.137,ASK,17109383706580017
KRW-TT,2024-03-20,12:39:30,1710938370658,7.61,2562.41787122,7.473,0.137,ASK,17109383706580016
KRW-TT,2024-03-20,12:39:30,1710938370658,7.61,3843.62680683,7.473,0.137,ASK,17109383706580015
KRW-TT,2024-03-20,12:39:30,1710938370658,7.61,5381.07752957,7.473,0.137,ASK,17109383706580014
KRW-TT,2024-03-20,12:39:30,1710938370658,7.61,7687.25361367,7.473,0.137,ASK,17109383706580013
KRW-TT,2024-03-20,12:39:30,1710938370658,7.61,5124.83574244,7.473,0.137,ASK,17109383706580012
KRW-TT,2024-03-20,12:39:30,1710938370658,7.61,2562.41787122,7.473,0.137,ASK,17109383706580011
KRW-TT,2024-03-20,12:39:30,1710938370658,7.61,2562.41787122,7.473,0.137,ASK,17109383706580010
KRW-TT,2024-03-20,12:39:30,1710938370658,7.61,5124.83574244,7.473,0.137,ASK,17109383706580009
KRW-TT,2024-03-20,12:39:30,1710938370658,7.61,2562.41787122,7.473,0.137,ASK,17109383706580008
KRW-TT,2024-03-20,12:39:30,1710938370658,7.61,2562.41787122,7.473,0.137,ASK,17109383706580007
KRW-TT,2024-03-20,12:39:30,1710938370658,7.61,2562.41787122,7.473,0.137,ASK,17109383706580006
KRW-TT,2024-03-20,12:39:30,1710938370658,7.61,3843.62680683,7.473,0.137,ASK,17109383706580005
KRW-TT,2024-03-20,12:39:30,1710938370658,7.61,20499.34296978,7.473,0.137,ASK,17109383706580004
KRW-TT,2024-03-20,12:39:30,1710938370658,7.61,2562.41787122,7.473,0.137,ASK,17109383706580003
KRW-TT,2024-03-20,12:39:30,1710938370658,7.611,722.63828669,7.473,0.138,ASK,17109383706580002
KRW-TT,2024-03-20,12:39:30,1710938370658,7.611,1111.0,7.473,0.138,ASK,17109383706580001
KRW-TT,2024-03-20,12:39:30,1710938370658,7.614,722.35355923,7.473,0.141,ASK,17109383706580000
KRW-TT,2024-03-20,12:39:29,1710938369163,7.618,1312.335958,7.473,0.145,BID,17109383691630000
KRW-TT,2024-03-20,12:39:28,1710938368815,7.618,721.97427146,7.473,0.145,ASK,17109383688150000
KRW-TT,2024-03-20,12:39:22,1710938362842,7.62,721.7847769,7.473,0.147,ASK,17109383628420002
KRW-TT,2024-03-20,12:39:22,1710938362842,7.62,2559.05511811,7.473,0.147,ASK,17109383628420001
KRW-TT,2024-03-20,12:39:22,1710938362842,7.62,700.0,7.473,0.147,ASK,17109383628420000
KRW-TT,2024-03-20,12:39:19,1710938359197,7.621,64031.3792596,7.473,0.148,ASK,17109383591970000
KRW-TT,2024-03-20,12:39:11,1710938351407,7.621,721.69006692,7.473,0.148,ASK,17109383514070003
KRW-TT,2024-03-20,12:39:11,1710938351407,7.621,262342.01548353,7.473,0.148,ASK,17109383514070002
KRW-TT,2024-03-20,12:39:11,1710938351407,7.622,721.59538178,7.473,0.149,ASK,17109383514070001
KRW-TT,2024-03-20,12:39:11,1710938351407,7.622,669.90291262,7.473,0.149,ASK,17109383514070000
KRW-TT,2024-03-20,12:39:09,1710938349199,7.63,24374.46421865,7.473,0.157,BID,17109383491990001
KRW-TT,2024-03-20,12:39:09,1710938349199,7.624,41156.3352571,7.473,0.151,BID,17109383491990000
KRW-TT,2024-03-20,12:39:08,1710938348012,7.624,721.40608604,7.473,0.151,ASK,17109383480120001
KRW-TT,2024-03-20,12:39:08,1710938348012,7.624,89287.00157397,7.473,0.151,ASK,17109383480120000
KRW-TT,2024-03-20,12:39:02,1710938342503,7.63,5000.0,7.473,0.157,BID,17109383425030000
KRW-TT,2024-03-20,12:39:00,1710938340966,7.63,29232.24115334,7.473,0.157,ASK,17109383409660001
KRW-TT,2024-03-20,12:39:00,1710938340966,7.63,5235.33131416,7.473,0.157,ASK,17109383409660000
KRW-TT,2024-03-20,12:38:59,1710938339151,7.64,161582.03125,7.473,0.167,BID,17109383391510001
KRW-TT,2024-03-20,12:38:59,1710938339151,7.635,38417.96875,7.473,0.162,BID,17109383391510000
KRW-TT,2024-03-20,12:38:46,1710938326907,7.64,36764.34034291,7.473,0.167,BID,17109383269070000
KRW-TT,2024-03-20,12:38:45,1710938325546,7.63,4987.47340406,7.473,0.157,ASK,17109383255460006
KRW-TT,2024-03-20,12:38:45,1710938325546,7.63,720.83879423,7.473,0.157,ASK,17109383255460005
KRW-TT,2024-03-20,12:38:45,1710938325546,7.63,700.0,7.473,0.157,ASK,17109383255460004
KRW-TT,2024-03-20,12:38:45,1710938325546,7.63,2621.23197903,7.473,0.157,ASK,17109383255460003
KRW-TT,2024-03-20,12:38:45,1710938325546,7.631,1309.07186804,7.473,0.158,ASK,17109383255460002
KRW-TT,2024-03-20,12:38:45,1710938325546,7.631,720.74433232,7.473,0.158,ASK,17109383255460001
KRW-TT,2024-03-20,12:38:45,1710938325546,7.631,720.74433232,7.473,0.158,ASK,17109383255460000
KRW-TT,2024-03-20,12:38:40,1710938320051,7.64,5000.0,7.473,0.167,BID,17109383200510000
KRW-TT,2024-03-20,12:38:38,1710938318301,7.631,135116.87609782,7.473,0.158,ASK,17109383183010000
KRW-TT,2024-03-20,12:38:32,1710938312435,7.64,13089.0052356,7.473,0.167,BID,17109383124350000
KRW-TT,2024-03-20,12:38:28,1710938308078,7.64,11780.10471,7.473,0.167,ASK,17109383080780000
KRW-TT,2024-03-20,12:38:15,1710938295765,7.669,96707.84499811,7.473,0.196,BID,17109382957650001
KRW-TT,2024-03-20,12:38:15,1710938295765,7.668,33691.6453716,7.473,0.195,BID,17109382957650000
KRW-TT,2024-03-20,12:37:57,1710938277738,7.631,150944.35597362,7.473,0.158,ASK,17109382777380012
KRW-TT,2024-03-20,12:37:57,1710938277738,7.631,1.13886706,7.473,0.158,ASK,17109382777380011
KRW-TT,2024-03-20,12:37:57,1710938277738,7.632,720.64989517,7.473,0.159,ASK,17109382777380010
KRW-TT,2024-03-20,12:37:57,1710938277738,7.632,63719.97439435,7.473,0.159,ASK,17109382777380009
KRW-TT,2024-03-20,12:37:57,1710938277738,7.633,720.55548277,7.473,0.16,ASK,17109382777380008
KRW-TT,2024-03-20,12:37:57,1710938277738,7.633,136308.63069709,7.473,0.16,ASK,17109382777380007
KRW-TT,2024-03-20,12:37:57,1710938277738,7.634,10000.0,7.473,0.161,ASK,17109382777380006
KRW-TT,2024-03-20,12:37:57,1710938277738,7.634,720.4610951,7.473,0.161,ASK,17109382777380005
KRW-TT,2024-03-20,12:37:57,1710938277738,7.634,15024.58737228,7.473,0.161,ASK,17109382777380004
KRW-TT,2024-03-20,12:37:57,1710938277738,7.635,720.36673215,7.473,0.162,ASK,17109382777380003
KRW-TT,2024-03-20,12:37:57,1710938277738,7.636,720.27239392,7.473,0.163,ASK,17109382777380002
KRW-TT,2024-03-20,12:37:57,1710938277738,7.637,720.17808039,7.473,0.164,ASK,17109382777380001
KRW-TT,2024-03-20,12:37:57,1710938277738,7.638,720.08379156,7.473,0.165,ASK,17109382777380000
KRW-TT,2024-03-20,12:37:45,1710938265587,7.639,62540.13794746,7.473,0.166,BID,17109382655870000
KRW-TT,2024-03-20,12:37:45,1710938265468,7.639,241513.60801047,7.473,0.166,BID,17109382654680000
KRW-TT,2024-03-20,12:37:45,1710938265374,7.639,93921.95867075,7.473,0.166,BID,17109382653740000
KRW-TT,2024-03-20,12:37:44,1710938264155,7.639,136935.32864409,7.473,0.166,BID,17109382641550000
KRW-TT,2024-03-20,12:37:41,1710938261224,7.639,1636.0235602,7.473,0.166,ASK,17109382612240002
KRW-TT,2024-03-20,12:37:41,1710938261224,7.639,719.98952742,7.473,0.166,ASK,17109382612240001
KRW-TT,2024-03-20,12:37:41,1710938261224,7.639,131351.13291632,7.473,0.166,ASK,17109382612240000
KRW-TT,2024-03-20,12:37:36,1710938256389,7.64,58417.14659685,7.473,0.167,ASK,17109382563890007
KRW-TT,2024-03-20,12:37:36,1710938256389,7.64,1308.90052356,7.473,0.167,ASK,17109382563890006
KRW-TT,2024-03-20,12:37:36,1710938256389,7.64,3338.85863874,7.473,0.167,ASK,17109382563890005
KRW-TT,2024-03-20,12:37:36,1710938256389,7.64,1308.90052356,7.473,0.167,ASK,17109382563890004
KRW-TT,2024-03-20,12:37:36,1710938256389,7.64,7478.40314136,7.473,0.167,ASK,17109382563890003
KRW-TT,2024-03-20,12:37:36,1710938256389,7.64,51047.12041885,7.473,0.167,ASK,17109382563890002
KRW-TT,2024-03-20,12:37:36,1710938256389,7.64,719.89528795,7.473,0.167,ASK,17109382563890001
KRW-TT,2024-03-20,12:37:36,1710938256389,7.64,118080.46950174,7.473,0.167,ASK,17109382563890000
KRW-TT,2024-03-20,12:37:35,1710938255925,7.66,122037.6203012,7.473,0.187,ASK,17109382559250000
KRW-TT,2024-03-20,12:37:35,1710938255321,7.66,14658.92016877,7.473,0.187,ASK,17109382553210004
KRW-TT,2024-03-20,12:37:35,1710938255321,7.66,130548.30287206,7.473,0.187,ASK,17109382553210003
KRW-TT,2024-03-20,12:37:35,1710938255321,7.66,8154.93036771,7.473,0.187,ASK,17109382553210002
KRW-TT,2024-03-20,12:37:35,1710938255321,7.66,6527.4151436,7.473,0.187,ASK,17109382553210001
KRW-TT,2024-03-20,12:37:35,1710938255321,7.66,277974.04308791,7.473,0.187,ASK,17109382553210000
KRW-TT,2024-03-20,12:37:26,1710938246656,7.67,2607.56192957,7.473,0.197,BID,17109382466560000
KRW-TT,2024-03-20,12:37:23,1710938243313,7.67,130378.09647979,7.473,0.197,BID,17109382433130000
KRW-TT,2024-03-20,12:37:18,1710938238329,7.66,6659.04152929,7.473,0.187,ASK,17109382383290000
KRW-TT,2024-03-20,12:37:15,1710938235004,7.66,430927.18957239,7.473,0.187,ASK,17109382350040000
KRW-TT,2024-03-20,12:37:04,1710938224287,7.66,524676.12347672,7.473,0.187,ASK,17109382242870000
KRW-TT,2024-03-20,12:36:57,1710938217489,7.66,174522.38093926,7.473,0.187,ASK,17109382174890000
KRW-TT,2024-03-20,12:36:51,1710938211011,7.66,4380.10881342,7.473,0.187,ASK,17109382110110000
KRW-TT,2024-03-20,12:36:49,1710938209467,7.66,3162.24708607,7.473,0.187,ASK,17109382094670000
KRW-TT,2024-03-20,12:36:49,1710938209133,7.66,130582.7409704,7.473,0.187,BID,17109382091330004
KRW-TT,2024-03-20,12:36:49,1710938209133,7.66,3508040.42186844,7.473,0.187,BID,17109382091330003
KRW-TT,2024-03-20,12:36:49,1710938209133,7.656,13687.96561199,7.473,0.183,BID,17109382091330002
KRW-TT,2024-03-20,12:36:49,1710938209133,7.656,120049.4110385,7.473,0.183,BID,17109382091330001
KRW-TT,2024-03-20,12:36:49,1710938209133,7.655,27035.44089464,7.473,0.182,BID,17109382091330000
KRW-TT,2024-03-20,12:36:47,1710938207202,7.64,52950.27112815,7.473,0.167,ASK,17109382072020000
KRW-TT,2024-03-20,12:36:44,1710938204063,7.64,201234.44676017,7.473,0.167,ASK,17109382040630015
KRW-TT,2024-03-20,12:36:44,1710938204063,7.64,130890.05235602,7.473,0.167,ASK,17109382040630014
KRW-TT,2024-03-20,12:36:44,1710938204063,7.64,165585.30867413,7.473,0.167,ASK,17109382040630013
KRW-TT,2024-03-20,12:36:44,1710938204063,7.641,680.0,7.473,0.168,ASK,17109382040630012
KRW-TT,2024-03-20,12:36:44,1710938204063,7.641,719.80107315,7.473,0.168,ASK,17109382040630011
KRW-TT,2024-03-20,12:36:44,1710938204063,7.641,130872.92239235,7.473,0.168,ASK,17109382040630010
KRW-TT,2024-03-20,12:36:44,1710938204063,7.642,10000.0,7.473,0.169,ASK,17109382040630009
KRW-TT,2024-03-20,12:36:44,1710938204063,7.642,1471.86600366,7.473,0.169,ASK,17109382040630008
KRW-TT,2024-03-20,12:36:44,1710938204063,7.642,74281.36232851,7.473,0.169,ASK,17109382040630007
KRW-TT,2024-03-20,12:36:44,1710938204063,7.642,719.70688301,7.473,0.169,ASK,17109382040630006
KRW-TT,2024-03-20,12:36:44,1710938204063,7.642,719.70688301,7.473,0.169,ASK,17109382040630005
KRW-TT,2024-03-20,12:36:44,1710938204063,7.643,719.61271751,7.473,0.17,ASK,17109382040630004
KRW-TT,2024-03-20,12:36:44,1710938204063,7.643,3925.16027737,7.473,0.17,ASK,17109382040630003
KRW-TT,2024-03-20,12:36:44,1710938204063,7.646,719.33036882,7.473,0.173,ASK,17109382040630002
KRW-TT,2024-03-20,12:36:44,1710938204063,7.646,719.33036882,7.473,0.173,ASK,17109382040630001
KRW-TT,2024-03-20,12:36:44,1710938204063,7.647,719.23630181,7.473,0.174,ASK,17109382040630000
KRW-TT,2024-03-20,12:36:42,1710938202727,7.656,79667.40115936,7.473,0.183,BID,17109382027270001
KRW-TT,2024-03-20,12:36:42,1710938202727,7.656,54738.46931784,7.473,0.183,BID,17109382027270000
KRW-TT,2024-03-20,12:36:35,1710938195256,7.656,1019.33124346,7.473,0.183,BID,17109381952560000
KRW-TT,2024-03-20,12:36:35,1710938195200,7.656,130616.50992685,7.473,0.183,BID,17109381952000000
KRW-TT,2024-03-20,12:36:35,1710938195080,7.656,7261.43253098,7.473,0.183,BID,17109381950800002
KRW-TT,2024-03-20,12:36:35,1710938195080,7.655,48884.41429928,7.473,0.182,BID,17109381950800001
KRW-TT,2024-03-20,12:36:35,1710938195080,7.649,43854.15316974,7.473,0.176,BID,17109381950800000
KRW-TT,2024-03-20,12:36:34,1710938194642,7.649,13061.65099268,7.473,0.176,BID,17109381946420000
KRW-TT,2024-03-20,12:36:33,1710938193925,7.649,719.0482416,7.473,0.176,ASK,17109381939250001
KRW-TT,2024-03-20,12:36:33,1710938193925,7.649,158872.27864583,7.473,0.176,ASK,17109381939250000
KRW-TT,2024-03-20,12:36:31,1710938191939,7.656,718.39080459,7.473,0.183,ASK,17109381919390001
KRW-TT,2024-03-20,12:36:31,1710938191939,7.656,79318.55364207,7.473,0.183,ASK,17109381919390000
KRW-TT,2024-03-20,12:36:24,1710938184771,7.656,34996.93751517,7.473,0.183,ASK,17109381847710000
KRW-TT,2024-03-20,12:36:15,1710938175755,7.66,718.01566579,7.473,0.187,ASK,17109381757550006
KRW-TT,2024-03-20,12:36:15,1710938175755,7.66,918684.30156657,7.473,0.187,ASK,17109381757550005
KRW-TT,2024-03-20,12:36:15,1710938175755,7.661,717.9219423,7.473,0.188,ASK,17109381757550004
KRW-TT,2024-03-20,12:36:15,1710938175755,7.661,65205.48627918,7.473,0.188,ASK,17109381757550003
KRW-TT,2024-03-20,12:36:15,1710938175755,7.661,9386.50893845,7.473,0.188,ASK,17109381757550002
KRW-TT,2024-03-20,12:36:15,1710938175755,7.662,717.82824327,7.473,0.189,ASK,17109381757550001
KRW-TT,2024-03-20,12:36:15,1710938175755,7.662,278006.23645249,7.473,0.189,ASK,17109381757550000
KRW-TT,2024-03-20,12:36:13,1710938173980,7.662,334751.98897669,7.473,0.189,ASK,17109381739800002
KRW-TT,2024-03-20,12:36:13,1710938173980,7.662,7560.28857402,7.473,0.189,ASK,17109381739800001
KRW-TT,2024-03-20,12:36:13,1710938173980,7.662,39209.62820606,7.473,0.189,ASK,17109381739800000
KRW-TT,2024-03-20,12:36:12,1710938172537,7.662,17544.82616775,7.473,0.189,ASK,17109381725370000
KRW-TT,2024-03-20,12:35:50,1710938150167,7.664,5891.61787163,7.473,0.191,ASK,17109381501670004
KRW-TT,2024-03-20,12:35:50,1710938150167,7.664,717.64091858,7.473,0.191,ASK,17109381501670003
KRW-TT,2024-03-20,12:35:50,1710938150167,7.665,717.54729288,7.473,0.192,ASK,17109381501670002
KRW-TT,2024-03-20,12:35:50,1710938150167,7.673,716.7991659,7.473,0.2,ASK,17109381501670001
KRW-TT,2024-03-20,12:35:50,1710938150167,7.675,716.61237785,7.473,0.202,ASK,17109381501670000
KRW-TT,2024-03-20,12:35:44,1710938144366,7.678,64369.64053138,7.473,0.205,ASK,17109381443660002
KRW-TT,2024-03-20,12:35:44,1710938144366,7.678,716.33237822,7.473,0.205,ASK,17109381443660001
KRW-TT,2024-03-20,12:35:44,1710938144366,7.678,9305.19371728,7.473,0.205,ASK,17109381443660000
KRW-TT,2024-03-20,12:35:34,1710938134046,7.685,1406.29477144,7.473,0.212,BID,17109381340460000
KRW-TT,2024-03-20,12:35:31,1710938131242,7.685,13926.30947793,7.473,0.212,BID,17109381312420000
KRW-TT,2024-03-20,12:34:54,1710938094877,7.688,1392437.75614794,7.473,0.215,BID,17109380948770000
KRW-TT,2024-03-20,12:34:51,1710938091592,7.673,207697.94312041,7.473,0.2,ASK,17109380915920001
KRW-TT,2024-03-20,12:34:51,1710938091592,7.674,115524.4389612,7.473,0.201,ASK,17109380915920000
KRW-TT,2024-03-20,12:34:50,1710938090692,7.688,113407.40018207,7.473,0.215,BID,17109380906920000
KRW-TT,2024-03-20,12:34:49,1710938089258,7.674,8208.32587868,7.473,0.201,ASK,17109380892580001
KRW-TT,2024-03-20,12:34:49,1710938089258,7.68,9312.109375,7.473,0.207,ASK,17109380892580000
KRW-TT,2024-03-20,12:34:42,1710938082332,7.688,5973.60008861,7.473,0.215,BID,17109380823320000
KRW-TT,2024-03-20,12:34:31,1710938071115,7.688,52122.7226158,7.473,0.215,BID,17109380711150000
KRW-TT,2024-03-20,12:33:55,1710938035016,7.689,910.39146833,7.473,0.216,BID,17109380350160000
KRW-TT,2024-03-20,12:33:48,1710938028374,7.662,35040.87050737,7.473,0.189,ASK,17109380283740000
KRW-TT,2024-03-20,12:33:46,1710938026730,7.662,21786.53635238,7.473,0.189,ASK,17109380267300000
KRW-TT,2024-03-20,12:33:44,1710938024507,7.662,787.29825482,7.473,0.189,ASK,17109380245070000
KRW-TT,2024-03-20,12:33:33,1710938013858,7.693,7560.28857402,7.473,0.22,BID,17109380138580000
KRW-TT,2024-03-20,12:33:33,1710938013433,7.693,3508.34325871,7.473,0.22,ASK,17109380134330000
KRW-TT,2024-03-20,12:33:30,1710938010220,7.693,16082.34391511,7.473,0.22,ASK,17109380102200000
KRW-TT,2024-03-20,12:33:28,1710938008176,7.693,148463.19097055,7.473,0.22,ASK,17109380081760000
KRW-TT,2024-03-20,12:33:26,1710938006894,7.693,2599.76602106,7.473,0.22,ASK,17109380068940000
KRW-TT,2024-03-20,12:33:26,1710938006293,7.694,3915.93786711,7.473,0.221,BID,17109380062930000
KRW-TT,2024-03-20,12:33:24,1710938004897,7.693,266595.57451346,7.473,0.22,ASK,17109380048970000
KRW-TT,2024-03-20,12:33:24,1710938004372,7.693,54147.7352388,7.473,0.22,ASK,17109380043720000
KRW-TT,2024-03-20,12:33:22,1710938002169,7.693,208603.04608231,7.473,0.22,ASK,17109380021690001
KRW-TT,2024-03-20,12:33:22,1710938002169,7.693,12993.76167659,7.473,0.22,ASK,17109380021690000
KRW-TT,2024-03-20,12:33:18,1710937998540,7.693,25997.66021059,7.473,0.22,BID,17109379985400000
KRW-TT,2024-03-20,12:33:16,1710937996471,7.661,730.26315789,7.473,0.188,ASK,17109379964710000
KRW-TT,2024-03-20,12:32:58,1710937978143,7.694,201139.38310116,7.473,0.221,BID,17109379781430001
KRW-TT,2024-03-20,12:32:58,1710937978143,7.694,58803.42948007,7.473,0.221,BID,17109379781430000
KRW-TT,2024-03-20,12:32:51,1710937971108,7.66,20229.63087851,7.473,0.187,ASK,17109379711080001
KRW-TT,2024-03-20,12:32:51,1710937971108,7.66,6527.4151436,7.473,0.187,ASK,17109379711080000
KRW-TT,2024-03-20,12:32:49,1710937969679,7.694,5531.54667792,7.473,0.221,BID,17109379696790000
KRW-TT,2024-03-20,12:32:43,1710937963752,7.694,2599.42812581,7.473,0.221,BID,17109379637520000
KRW-TT,2024-03-20,12:32:39,1710937959671,7.682,117678.44436281,7.473,0.209,ASK,17109379596710000
KRW-TT,2024-03-20,12:32:38,1710937958846,7.682,258892.57759822,7.473,0.209,ASK,17109379588460000
KRW-TT,2024-03-20,12:32:34,1710937954227,7.694,1711.46347803,7.473,0.221,BID,17109379542270000
KRW-TT,2024-03-20,12:32:32,1710937952934,7.694,129718.51083149,7.473,0.221,BID,17109379529340000
KRW-TT,2024-03-20,12:31:41,1710937901469,7.699,12988.69983114,7.473,0.226,BID,17109379014690000
KRW-TT,2024-03-20,12:31:22,1710937882045,7.704,215109.29035595,7.473,0.231,BID,17109378820450004
KRW-TT,2024-03-20,12:31:22,1710937882045,7.7,51535.83156289,7.473,0.227,BID,17109378820450003
KRW-TT,2024-03-20,12:31:22,1710937882045,7.699,13829.55646644,7.473,0.226,BID,17109378820450002
KRW-TT,2024-03-20,12:31:22,1710937882045,7.699,78472.40387131,7.473,0.226,BID,17109378820450001
KRW-TT,2024-03-20,12:31:22,1710937882045,7.699,71980.1073158,7.473,0.226,BID,17109378820450000
KRW-TT,2024-03-20,12:30:59,1710937859470,7.7,693.75,7.473,0.227,BID,17109378594700000
KRW-TT,2024-03-20,12:30:56,1710937856333,7.704,651.46410987,7.473,0.231,BID,17109378563330000
KRW-TT,2024-03-20,12:30:53,1710937853384,7.66,52229.58156289,7.473,0.187,ASK,17109378533840000
KRW-TT,2024-03-20,12:30:52,1710937852955,7.705,693.75,7.473,0.232,BID,17109378529550000
KRW-TT,2024-03-20,12:30:50,1710937850509,7.647,264645.1687651,7.473,0.174,ASK,17109378505090001
KRW-TT,2024-03-20,12:30:50,1710937850509,7.68,2199.39427692,7.473,0.207,ASK,17109378505090000
KRW-TT,2024-03-20,12:30:49,1710937849405,7.68,62904.77238974,7.473,0.207,BID,17109378494050000
KRW-TT,2024-03-20,12:30:48,1710937848764,7.68,693.75,7.473,0.207,BID,17109378487640000
KRW-TT,2024-03-20,12:30:46,1710937846644,7.705,24176.35511057,7.473,0.232,BID,17109378466440005
KRW-TT,2024-03-20,12:30:46,1710937846644,7.705,4635.32756424,7.473,0.232,BID,17109378466440004
KRW-TT,2024-03-20,12:30:46,1710937846644,7.703,91539.16568589,7.473,0.23,BID,17109378466440003
KRW-TT,2024-03-20,12:30:46,1710937846644,7.682,2642.90051175,7.473,0.209,BID,17109378466440002
KRW-TT,2024-03-20,12:30:46,1710937846644,7.682,11673.93624609,7.473,0.209,BID,17109378466440001
KRW-TT,2024-03-20,12:30:46,1710937846644,7.68,73293.99111177,7.473,0.207,BID,17109378466440000
KRW-TT,2024-03-20,12:30:36,1710937836242,7.68,693.75,7.473,0.207,BID,17109378362420000
KRW-TT,2024-03-20,12:30:32,1710937832119,7.68,130208.33333333,7.473,0.207,ASK,17109378321190001
KRW-TT,2024-03-20,12:30:32,1710937832119,7.68,142711.45317758,7.473,0.207,ASK,17109378321190000
KRW-TT,2024-03-20,12:30:30,1710937830678,7.68,162522.89976446,7.473,0.207,BID,17109378306780002
KRW-TT,2024-03-20,12:30:30,1710937830678,7.68,163767.16808371,7.473,0.207,BID,17109378306780001
KRW-TT,2024-03-20,12:30:30,1710937830678,7.679,30998.47897425,7.473,0.206,BID,17109378306780000
KRW-TT,2024-03-20,12:30:18,1710937818634,7.642,5602.71616507,7.473,0.169,ASK,17109378186340000
KRW-TT,2024-03-20,12:30:18,1710937818360,7.682,1301.74433741,7.473,0.209,BID,17109378183600000
KRW-TT,2024-03-20,12:30:11,1710937811774,7.641,13829.55646644,7.473,0.168,ASK,17109378117740014
KRW-TT,2024-03-20,12:30:11,1710937811774,7.641,71980.1073158,7.473,0.168,ASK,17109378117740013
KRW-TT,2024-03-20,12:30:11,1710937811774,7.641,719.80107315,7.473,0.168,ASK,17109378117740012
KRW-TT,2024-03-20,12:30:11,1710937811774,7.641,73987.74111177,7.473,0.168,ASK,17109378117740011
KRW-TT,2024-03-20,12:30:11,1710937811774,7.641,719.80107315,7.473,0.168,ASK,17109378117740010
KRW-TT,2024-03-20,12:30:11,1710937811774,7.642,162522.89976446,7.473,0.169,ASK,17109378117740009
KRW-TT,2024-03-20,12:30:11,1710937811774,7.642,719.70688301,7.473,0.169,ASK,17109378117740008
KRW-TT,2024-03-20,12:30:11,1710937811774,7.643,719.61271751,7.473,0.17,ASK,17109378117740007
KRW-TT,2024-03-20,12:30:11,1710937811774,7.645,719.42446043,7.473,0.172,ASK,17109378117740006
KRW-TT,2024-03-20,12:30:11,1710937811774,7.645,163767.16808371,7.473,0.172,ASK,17109378117740005
KRW-TT,2024-03-20,12:30:11,1710937811774,7.646,78472.40387131,7.473,0.173,ASK,17109378117740004
KRW-TT,2024-03-20,12:30:11,1710937811774,7.647,91539.16568589,7.473,0.174,ASK,17109378117740003
KRW-TT,2024-03-20,12:30:11,1710937811774,7.65,718.95424836,7.473,0.177,ASK,17109378117740002
KRW-TT,2024-03-20,12:30:11,1710937811774,7.65,2613.071895,7.473,0.177,ASK,17109378117740001
KRW-TT,2024-03-20,12:30:11,1710937811774,7.651,718.8602797,7.473,0.178,ASK,17109378117740000
KRW-TT,2024-03-20,12:30:09,1710937809947,7.652,308034.42974217,7.473,0.179,BID,17109378099470000
KRW-TT,2024-03-20,12:30:09,1710937809901,7.652,34089.73008638,7.473,0.179,ASK,17109378099010000
KRW-TT,2024-03-20,12:30:04,1710937804285,7.652,96595.05820426,7.473,0.179,ASK,17109378042850000
KRW-TT,2024-03-20,12:29:57,1710937797403,7.682,1352.26433829,7.473,0.209,ASK,17109377974030000
KRW-TT,2024-03-20,12:29:48,1710937788999,7.682,7640.0,7.473,0.209,ASK,17109377889990000
KRW-TT,2024-03-20,12:29:47,1710937787679,7.682,50930.0,7.473,0.209,ASK,17109377876790000
KRW-TT,2024-03-20,12:29:46,1710937786070,7.682,19412.47513002,7.473,0.209,ASK,17109377860700000
KRW-TT,2024-03-20,12:29:45,1710937785935,7.682,51350.04882233,7.473,0.209,BID,17109377859350000
KRW-TT,2024-03-20,12:29:41,1710937781245,7.682,1510.02343139,7.473,0.209,BID,17109377812450000
KRW-TT,2024-03-20,12:29:38,1710937778644,7.652,19412.47513002,7.473,0.179,BID,17109377786440000
KRW-TT,2024-03-20,12:29:38,1710937778606,7.652,457.70635097,7.473,0.179,ASK,17109377786060000
KRW-TT,2024-03-20,12:29:36,1710937776386,7.652,43735.80820622,7.473,0.179,ASK,17109377763860000
KRW-TT,2024-03-20,12:29:36,1710937776177,7.682,130174.43374121,7.473,0.209,BID,17109377761770000
KRW-TT,2024-03-20,12:29:35,1710937775273,7.652,25806.48544281,7.473,0.179,ASK,17109377752730015
KRW-TT,2024-03-20,12:29:35,1710937775273,7.655,718.48465055,7.473,0.182,ASK,17109377752730014
KRW-TT,2024-03-20,12:29:35,1710937775273,7.656,718.39080459,7.473,0.183,ASK,17109377752730013
KRW-TT,2024-03-20,12:29:35,1710937775273,7.657,718.29698315,7.473,0.184,ASK,17109377752730012
KRW-TT,2024-03-20,12:29:35,1710937775273,7.658,718.20318621,7.473,0.185,ASK,17109377752730011
KRW-TT,2024-03-20,12:29:35,1710937775273,7.66,718.01566579,7.473,0.187,ASK,17109377752730010
KRW-TT,2024-03-20,12:29:35,1710937775273,7.661,717.9219423,7.473,0.188,ASK,17109377752730009
KRW-TT,2024-03-20,12:29:35,1710937775273,7.665,717.54729288,7.473,0.192,ASK,17109377752730008
KRW-TT,2024-03-20,12:29:35,1710937775273,7.665,1249.96738421,7.473,0.192,ASK,17109377752730007
KRW-TT,2024-03-20,12:29:35,1710937775273,7.67,717.07953063,7.473,0.197,ASK,17109377752730006
KRW-TT,2024-03-20,12:29:35,1710937775273,7.67,1302.93159609,7.473,0.197,ASK,17109377752730005
KRW-TT,2024-03-20,12:29:35,1710937775273,7.671,716.98605136,7.473,0.198,ASK,17109377752730004
KRW-TT,2024-03-20,12:29:35,1710937775273,7.674,716.7057597,7.473,0.201,ASK,17109377752730003
KRW-TT,2024-03-20,12:29:35,1710937775273,7.674,10159.11121843,7.473,0.201,ASK,17109377752730002
KRW-TT,2024-03-20,12:29:35,1710937775273,7.678,716.33237822,7.473,0.205,ASK,17109377752730001
KRW-TT,2024-03-20,12:29:35,1710937775273,7.678,14417.77157787,7.473,0.205,ASK,17109377752730000
KRW-TT,2024-03-20,12:29:33,1710937773962,7.682,1301.74433741,7.473,0.209,ASK,17109377739620001
KRW-TT,2024-03-20,12:29:33,1710937773962,7.682,61858.3072138,7.473,0.209,ASK,17109377739620000
KRW-TT,2024-03-20,12:29:32,1710937772462,7.682,2173.0720458,7.473,0.209,ASK,17109377724620001
KRW-TT,2024-03-20,12:29:32,1710937772462,7.682,25371.80363432,7.473,0.209,ASK,17109377724620000
KRW-TT,2024-03-20,12:29:19,1710937759829,7.682,39706.94164747,7.473,0.209,ASK,17109377598290001
KRW-TT,2024-03-20,12:29:19,1710937759829,7.682,24679.28942522,7.473,0.209,ASK,17109377598290000
KRW-TT,2024-03-20,12:29:15,1710937755486,7.707,1595.04346697,7.473,0.234,BID,17109377554860001
KRW-TT,2024-03-20,12:29:15,1710937755486,7.707,1000.0,7.473,0.234,BID,17109377554860000
KRW-TT,2024-03-20,12:29:13,1710937753201,7.682,37857.58064114,7.473,0.209,ASK,17109377532010000
KRW-TT,2024-03-20,12:29:10,1710937750517,7.682,2646.20269912,7.473,0.209,ASK,17109377505170000
KRW-TT,2024-03-20,12:29:00,1710937740202,7.709,1776.67327166,7.473,0.236,BID,17109377402020000
KRW-TT,2024-03-20,12:28:59,1710937739321,7.709,693.75,7.473,0.236,BID,17109377393210000
KRW-TT,2024-03-20,12:28:53,1710937733781,7.717,136594.52564591,7.473,0.244,BID,17109377337810011
KRW-TT,2024-03-20,12:28:53,1710937733781,7.714,65860.58578512,7.473,0.241,BID,17109377337810010
KRW-TT,2024-03-20,12:28:53,1710937733781,7.714,348154.53618444,7.473,0.241,BID,17109377337810009
KRW-TT,2024-03-20,12:28:53,1710937733781,7.713,261115.90213833,7.473,0.24,BID,17109377337810008
KRW-TT,2024-03-20,12:28:53,1710937733781,7.71,682888.66947104,7.473,0.237,BID,17109377337810007
KRW-TT,2024-03-20,12:28:53,1710937733781,7.71,306.25,7.473,0.237,BID,17109377337810006
KRW-TT,2024-03-20,12:28:53,1710937733781,7.709,118902.80723101,7.473,0.236,BID,17109377337810005
KRW-TT,2024-03-20,12:28:53,1710937733781,7.709,6659.04152929,7.473,0.236,BID,17109377337810004
KRW-TT,2024-03-20,12:28:53,1710937733781,7.708,5974.35700699,7.473,0.235,BID,17109377337810003
KRW-MASK,2024-03-20,12:51:26,1710939086271,6284.0,6.29705882,6231.0,53.0,BID,17109390862710000
KRW-MASK,2024-03-20,12:51:20,1710939080919,6290.0,318.0,6231.0,59.0,BID,17109390809190000
KRW-MASK,2024-03-20,12:51:20,1710939080803,6291.0,312.1814584,6231.0,60.0,BID,17109390808030001
KRW-MASK,2024-03-20,12:51:20,1710939080803,6291.0,126.8185416,6231.0,60.0,BID,17109390808030000
KRW-MASK,2024-03-20,12:51:20,1710939080794,6252.0,87.54358115,6231.0,21.0,BID,17109390807940000
KRW-MASK,2024-03-20,12:51:20,1710939080792,6252.0,247.9404,6231.0,21.0,BID,17109390807920000
KRW-MASK,2024-03-20,12:51:20,1710939080789,6252.0,1452.88272919,6231.0,21.0,BID,17109390807890000
KRW-MASK,2024-03-20,12:51:20,1710939080788,6252.0,355.7072,6231.0,21.0,BID,17109390807880000
KRW-MASK,2024-03-20,12:51:20,1710939080785,6252.0,55.34058808,6231.0,21.0,BID,17109390807850000
KRW-MASK,2024-03-20,12:51:20,1710939080705,6252.0,503.89027511,6231.0,21.0,ASK,17109390807050002
KRW-MASK,2024-03-20,12:51:20,1710939080705,6257.0,9.22521766,6231.0,26.0,ASK,17109390807050001
KRW-MASK,2024-03-20,12:51:20,1710939080705,6257.0,2.81356408,6231.0,26.0,ASK,17109390807050000
KRW-MASK,2024-03-20,12:51:14,1710939074733,6257.0,145.94592111,6231.0,26.0,ASK,17109390747330006
KRW-MASK,2024-03-20,12:51:14,1710939074733,6265.0,20.0,6231.0,34.0,ASK,17109390747330005
KRW-MASK,2024-03-20,12:51:14,1710939074733,6269.0,4.78545222,6231.0,38.0,ASK,17109390747330004
KRW-MASK,2024-03-20,12:51:14,1710939074733,6270.0,9.75635516,6231.0,39.0,ASK,17109390747330003
KRW-MASK,2024-03-20,12:51:14,1710939074733,6271.0,3.05978108,6231.0,40.0,ASK,17109390747330002
KRW-MASK,2024-03-20,12:51:14,1710939074733,6273.0,4.78240076,6231.0,42.0,ASK,17109390747330001
KRW-MASK,2024-03-20,12:51:14,1710939074733,6273.0,60.80286117,6231.0,42.0,ASK,17109390747330000
KRW-MASK,2024-03-20,12:51:07,1710939067131,6273.0,7.25870271,6231.0,42.0,ASK,17109390671310006
KRW-MASK,2024-03-20,12:51:07,1710939067131,6274.0,23.21034902,6231.0,43.0,ASK,17109390671310005
KRW-MASK,2024-03-20,12:51:07,1710939067131,6275.0,4.78087649,6231.0,44.0,ASK,17109390671310004
KRW-MASK,2024-03-20,12:51:07,1710939067131,6275.0,23.21034902,6231.0,44.0,ASK,17109390671310003
KRW-MASK,2024-03-20,12:51:07,1710939067131,6275.0,19.50257872,6231.0,44.0,ASK,17109390671310002
KRW-MASK,2024-03-20,12:51:07,1710939067131,6275.0,19.36866236,6231.0,44.0,ASK,17109390671310001
KRW-MASK,2024-03-20,12:51:07,1710939067131,6276.0,24.18339793,6231.0,45.0,ASK,17109390671310000
KRW-MASK,2024-03-20,12:51:03,1710939063095,6289.0,153.22011334,6231.0,58.0,BID,17109390630950001
KRW-MASK,2024-03-20,12:51:03,1710939063095,6289.0,95.91265816,6231.0,58.0,BID,17109390630950000
KRW-MASK,2024-03-20,12:51:02,1710939062201,6289.0,195.10587783,6231.0,58.0,ASK,17109390622010000
KRW-MASK,2024-03-20,12:51:02,1710939062200,6289.0,293.80080303,6231.0,58.0,ASK,17109390622000000
KRW-MASK,2024-03-20,12:51:02,1710939062104,6289.0,330.92047657,6231.0,58.0,ASK,17109390621040000
KRW-MASK,2024-03-20,12:50:58,1710939058010,6289.0,15.89795164,6231.0,58.0,BID,17109390580100005
KRW-MASK,2024-03-20,12:50:58,1710939058010,6289.0,1938.90775015,6231.0,58.0,BID,17109390580100004
KRW-MASK,2024-03-20,12:50:58,1710939058010,6289.0,112.50257841,6231.0,58.0,BID,17109390580100003
KRW-MASK,2024-03-20,12:50:58,1710939058010,6289.0,652.78793888,6231.0,58.0,BID,17109390580100002
KRW-MASK,2024-03-20,12:50:58,1710939058010,6288.0,13.01188412,6231.0,57.0,BID,17109390580100001
KRW-MASK,2024-03-20,12:50:58,1710939058010,6288.0,350.28517558,6231.0,57.0,BID,17109390580100000
KRW-MASK,2024-03-20,12:50:57,1710939057929,6288.0,39.06727552,6231.0,57.0,BID,17109390579290000
KRW-MASK,2024-03-20,12:50:57,1710939057773,6288.0,44.05480804,6231.0,57.0,BID,17109390577730000
KRW-MASK,2024-03-20,12:50:55,1710939055281,6280.0,6.511029,6231.0,49.0,BID,17109390552810000
KRW-MASK,2024-03-20,12:50:54,1710939054934,6280.0,32.60599087,6231.0,49.0,BID,17109390549340000
KRW-MASK,2024-03-20,12:50:47,1710939047432,6276.0,1.56113849,6231.0,45.0,ASK,17109390474320000
KRW-MASK,2024-03-20,12:50:46,1710939046545,6288.0,52.40538122,6231.0,57.0,BID,17109390465450002
KRW-MASK,2024-03-20,12:50:46,1710939046545,6288.0,27.72305264,6231.0,57.0,BID,17109390465450001
KRW-MASK,2024-03-20,12:50:46,1710939046545,6276.0,25.87156614,6231.0,45.0,BID,17109390465450000
KRW-MASK,2024-03-20,12:50:46,1710939046057,6276.0,26.8291218,6231.0,45.0,BID,17109390460570000
KRW-MASK,2024-03-20,12:50:45,1710939045985,6276.0,20.8,6231.0,45.0,BID,17109390459850000
KRW-MASK,2024-03-20,12:50:45,1710939045753,6276.0,43.71291698,6231.0,45.0,BID,17109390457530000
KRW-MASK,2024-03-20,12:50:45,1710939045727,6276.0,50.2344021,6231.0,45.0,BID,17109390457270000
KRW-MASK,2024-03-20,12:50:45,1710939045643,6276.0,3.34313404,6231.0,45.0,ASK,17109390456430001
KRW-MASK,2024-03-20,12:50:45,1710939045643,6276.0,8.8952301,6231.0,45.0,ASK,17109390456430000
KRW-MASK,2024-03-20,12:50:45,1710939045182,6288.0,3.10033236,6231.0,57.0,BID,17109390451820000
KRW-MASK,2024-03-20,12:50:39,1710939039941,6276.0,10.67150206,6231.0,45.0,BID,17109390399410000
KRW-MASK,2024-03-20,12:50:39,1710939039848,6276.0,55.4,6231.0,45.0,ASK,17109390398480000
KRW-MASK,2024-03-20,12:50:36,1710939036353,6288.0,0.79516539,6231.0,57.0,BID,17109390363530000
KRW-MASK,2024-03-20,12:50:34,1710939034146,6288.0,31.79072041,6231.0,57.0,BID,17109390341460000
KRW-MASK,2024-03-20,12:50:29,1710939029323,6289.0,1.56113849,6231.0,58.0,BID,17109390293230000
KRW-MASK,2024-03-20,12:50:26,1710939026927,6289.0,136.02903356,6231.0,58.0,BID,17109390269270001
KRW-MASK,2024-03-20,12:50:26,1710939026927,6276.0,180.97096644,6231.0,45.0,BID,17109390269270000
KRW-MASK,2024-03-20,12:50:26,1710939026925,6276.0,478.0876494,6231.0,45.0,BID,17109390269250000
KRW-MASK,2024-03-20,12:50:26,1710939026862,6276.0,53.89239578,6231.0,45.0,BID,17109390268620000
KRW-MASK,2024-03-20,12:50:26,1710939026848,6276.0,34.05,6231.0,45.0,BID,17109390268480000
KRW-MASK,2024-03-20,12:50:26,1710939026842,6276.0,23.98078951,6231.0,45.0,BID,17109390268420000
KRW-MASK,2024-03-20,12:50:26,1710939026796,6276.0,23.64114343,6231.0,45.0,BID,17109390267960000
KRW-MASK,2024-03-20,12:50:26,1710939026713,6276.0,161.4,6231.0,45.0,ASK,17109390267130000
KRW-MASK,2024-03-20,12:50:17,1710939017333,6289.0,19.00076796,6231.0,58.0,BID,17109390173330000
KRW-MASK,2024-03-20,12:50:13,1710939013950,6289.0,23.97300536,6231.0,58.0,BID,17109390139500000
KRW-MASK,2024-03-20,12:50:13,1710939013228,6289.0,1.62187947,6231.0,58.0,BID,17109390132280000
KRW-MASK,2024-03-20,12:50:11,1710939011137,6289.0,15.02623628,6231.0,58.0,BID,17109390111370000
KRW-MASK,2024-03-20,12:50:05,1710939005586,6269.0,77.36783009,6231.0,38.0,BID,17109390055860000
KRW-MASK,2024-03-20,12:50:05,1710939005513,6269.0,16.97807764,6231.0,38.0,ASK,17109390055130001
KRW-MASK,2024-03-20,12:50:05,1710939005513,6269.0,2.61142193,6231.0,38.0,ASK,17109390055130000
KRW-MASK,2024-03-20,12:50:02,1710939002340,6292.0,79.8722,6231.0,61.0,BID,17109390023400000
KRW-MASK,2024-03-20,12:49:56,1710938996573,6270.0,373.22185964,6231.0,39.0,ASK,17109389965730011
KRW-MASK,2024-03-20,12:49:56,1710938996573,6270.0,56.82445384,6231.0,39.0,ASK,17109389965730010
KRW-MASK,2024-03-20,12:49:56,1710938996573,6271.0,21.12757796,6231.0,40.0,ASK,17109389965730009
KRW-MASK,2024-03-20,12:49:56,1710938996573,6271.0,479.00367236,6231.0,40.0,ASK,17109389965730008
KRW-MASK,2024-03-20,12:49:56,1710938996573,6271.0,21.22988008,6231.0,40.0,ASK,17109389965730007
KRW-MASK,2024-03-20,12:49:56,1710938996573,6272.0,319.33578157,6231.0,41.0,ASK,17109389965730006
KRW-MASK,2024-03-20,12:49:56,1710938996573,6272.0,293.80080303,6231.0,41.0,ASK,17109389965730005
KRW-MASK,2024-03-20,12:49:56,1710938996573,6272.0,161.14398575,6231.0,41.0,ASK,17109389965730004
KRW-MASK,2024-03-20,12:49:56,1710938996573,6275.0,638.67156314,6231.0,44.0,ASK,17109389965730003
KRW-MASK,2024-03-20,12:49:56,1710938996573,6276.0,159.66789078,6231.0,45.0,ASK,17109389965730002
KRW-MASK,2024-03-20,12:49:56,1710938996573,6277.0,479.00367236,6231.0,46.0,ASK,17109389965730001
KRW-MASK,2024-03-20,12:49:56,1710938996573,6279.0,319.33578157,6231.0,48.0,ASK,17109389965730000
KRW-MASK,2024-03-20,12:49:56,1710938996233,6299.0,38.0,6231.0,68.0,BID,17109389962330000
KRW-MASK,2024-03-20,12:49:56,1710938996228,6299.0,38.0,6231.0,68.0,BID,17109389962280000
KRW-MASK,2024-03-20,12:49:56,1710938996188,6265.0,147.33296001,6231.0,34.0,BID,17109389961880000
KRW-MASK,2024-03-20,12:49:56,1710938996186,6265.0,46.34356794,6231.0,34.0,BID,17109389961860000
KRW-MASK,2024-03-20,12:49:56,1710938996061,6265.0,23.0,6231.0,34.0,ASK,17109389960610002
KRW-MASK,2024-03-20,12:49:56,1710938996061,6265.0,1.673,6231.0,34.0,ASK,17109389960610001
KRW-MASK,2024-03-20,12:49:56,1710938996061,6265.0,95.77015164,6231.0,34.0,ASK,17109389960610000
KRW-MASK,2024-03-20,12:49:54,1710938994110,6255.0,414.65207017,6231.0,24.0,ASK,17109389941100039
KRW-MASK,2024-03-20,12:49:54,1710938994110,6257.0,31.96420009,6231.0,26.0,ASK,17109389941100038
KRW-MASK,2024-03-20,12:49:54,1710938994110,6259.0,278.0,6231.0,28.0,ASK,17109389941100037
KRW-MASK,2024-03-20,12:49:54,1710938994110,6260.0,850.0,6231.0,29.0,ASK,17109389941100036
KRW-MASK,2024-03-20,12:49:54,1710938994110,6260.0,0.85,6231.0,29.0,ASK,17109389941100035
KRW-MASK,2024-03-20,12:49:54,1710938994110,6260.0,3.11266904,6231.0,29.0,ASK,17109389941100034
KRW-MASK,2024-03-20,12:49:54,1710938994110,6260.0,3.11660913,6231.0,29.0,ASK,17109389941100033
KRW-MASK,2024-03-20,12:49:54,1710938994110,6260.0,3.11513043,6231.0,29.0,ASK,17109389941100032
KRW-MASK,2024-03-20,12:49:54,1710938994110,6260.0,6.5417739,6231.0,29.0,ASK,17109389941100031
KRW-MASK,2024-03-20,12:49:54,1710938994110,6260.0,3.11513043,6231.0,29.0,ASK,17109389941100030
KRW-MASK,2024-03-20,12:49:54,1710938994110,6260.0,3.11710234,6231.0,29.0,ASK,17109389941100029
KRW-MASK,2024-03-20,12:49:54,1710938994110,6260.0,3.11710234,6231.0,29.0,ASK,17109389941100028
KRW-MASK,2024-03-20,12:49:54,1710938994110,6260.0,3.11710234,6231.0,29.0,ASK,17109389941100027
KRW-MASK,2024-03-20,12:49:54,1710938994110,6260.0,62.34204683,6231.0,29.0,ASK,17109389941100026
KRW-MASK,2024-03-20,12:49:54,1710938994110,6260.0,6.23321826,6231.0,29.0,ASK,17109389941100025
KRW-MASK,2024-03-20,12:49:54,1710938994110,6260.0,38.6459532,6231.0,29.0,ASK,17109389941100024
KRW-MASK,2024-03-20,12:49:54,1710938994110,6260.0,3.11562317,6231.0,29.0,ASK,17109389941100023
KRW-MASK,2024-03-20,12:49:54,1710938994110,6260.0,47.87542331,6231.0,29.0,ASK,17109389941100022
KRW-MASK,2024-03-20,12:49:54,1710938994110,6263.0,0.81526425,6231.0,32.0,ASK,17109389941100021
KRW-MASK,2024-03-20,12:49:54,1710938994110,6264.0,196.09980615,6231.0,33.0,ASK,17109389941100020
KRW-MASK,2024-03-20,12:49:54,1710938994110,6267.0,19.90595575,6231.0,36.0,ASK,17109389941100019
KRW-MASK,2024-03-20,12:49:54,1710938994110,6269.0,15.943531,6231.0,38.0,ASK,17109389941100018
KRW-MASK,2024-03-20,12:49:54,1710938994110,6270.0,850.0,6231.0,39.0,ASK,17109389941100017
KRW-MASK,2024-03-20,12:49:54,1710938994110,6270.0,4.78468899,6231.0,39.0,ASK,17109389941100016
KRW-MASK,2024-03-20,12:49:54,1710938994110,6270.0,0.85,6231.0,39.0,ASK,17109389941100015
KRW-MASK,2024-03-20,12:49:54,1710938994110,6270.0,9.33063463,6231.0,39.0,ASK,17109389941100014
KRW-MASK,2024-03-20,12:49:54,1710938994110,6270.0,10.41920867,6231.0,39.0,ASK,17109389941100013
KRW-MASK,2024-03-20,12:49:54,1710938994110,6270.0,24.88169234,6231.0,39.0,ASK,17109389941100012
KRW-MASK,2024-03-20,12:49:54,1710938994110,6270.0,3.11021154,6231.0,39.0,ASK,17109389941100011
KRW-MASK,2024-03-20,12:49:54,1710938994110,6270.0,4.66531731,6231.0,39.0,ASK,17109389941100010
KRW-MASK,2024-03-20,12:49:54,1710938994110,6270.0,12.44084617,6231.0,39.0,ASK,17109389941100009
KRW-MASK,2024-03-20,12:49:54,1710938994110,6271.0,15.79034444,6231.0,40.0,ASK,17109389941100008
KRW-MASK,2024-03-20,12:49:54,1710938994110,6273.0,284.85219512,6231.0,42.0,ASK,17109389941100007
KRW-MASK,2024-03-20,12:49:54,1710938994110,6275.0,31.372549,6231.0,44.0,ASK,17109389941100006
KRW-MASK,2024-03-20,12:49:54,1710938994110,6275.0,3.44092818,6231.0,44.0,ASK,17109389941100005
KRW-MASK,2024-03-20,12:49:54,1710938994110,6276.0,4.78011472,6231.0,45.0,ASK,17109389941100004
KRW-MASK,2024-03-20,12:49:54,1710938994110,6276.0,23.6627629,6231.0,45.0,ASK,17109389941100003
KRW-MASK,2024-03-20,12:49:54,1710938994110,6276.0,0.95602294,6231.0,45.0,ASK,17109389941100002
KRW-MASK,2024-03-20,12:49:54,1710938994110,6277.0,3.246,6231.0,46.0,ASK,17109389941100001
KRW-MASK,2024-03-20,12:49:54,1710938994110,6277.0,38.987693,6231.0,46.0,ASK,17109389941100000
KRW-MASK,2024-03-20,12:49:53,1710938993257,6277.0,15.8304573,6231.0,46.0,ASK,17109389932570004
KRW-MASK,2024-03-20,12:49:53,1710938993257,6280.0,15.92356687,6231.0,49.0,ASK,17109389932570003
KRW-MASK,2024-03-20,12:49:53,1710938993257,6280.0,0.85,6231.0,49.0,ASK,17109389932570002
KRW-MASK,2024-03-20,12:49:53,1710938993257,6280.0,3.1062876,6231.0,49.0,ASK,17109389932570001
KRW-MASK,2024-03-20,12:49:53,1710938993257,6285.0,3.0,6231.0,54.0,ASK,17109389932570000
KRW-MASK,2024-03-20,12:49:47,1710938987933,6290.0,3.18435532,6231.0,59.0,BID,17109389879330000
KRW-MASK,2024-03-20,12:49:47,1710938987080,6290.0,158.98251192,6231.0,59.0,ASK,17109389870800002
KRW-MASK,2024-03-20,12:49:47,1710938987080,6290.0,4.81157081,6231.0,59.0,ASK,17109389870800001
KRW-MASK,2024-03-20,12:49:47,1710938987080,6291.0,45.9362,6231.0,60.0,ASK,17109389870800000
KRW-MASK,2024-03-20,12:49:46,1710938986354,6290.0,11.02123476,6231.0,59.0,ASK,17109389863540001
KRW-MASK,2024-03-20,12:49:46,1710938986354,6290.0,28.77846655,6231.0,59.0,ASK,17109389863540000
KRW-MASK,2024-03-20,12:49:45,1710938985838,6291.0,1.0,6231.0,60.0,ASK,17109389858380000
KRW-MASK,2024-03-20,12:49:45,1710938985569,6292.0,5.99859868,6231.0,61.0,ASK,17109389855690000
KRW-MASK,2024-03-20,12:49:43,1710938983237,6295.0,47.65687053,6231.0,64.0,ASK,17109389832370000
KRW-MASK,2024-03-20,12:49:38,1710938978174,6292.0,18.10140132,6231.0,61.0,ASK,17109389781740000
KRW-MASK,2024-03-20,12:49:24,1710938964698,6304.0,96.15847081,6231.0,73.0,BID,17109389646980000
KRW-MASK,2024-03-20,12:49:22,1710938962209,6302.0,31.73595683,6231.0,71.0,ASK,17109389622090000
KRW-MASK,2024-03-20,12:49:17,1710938957227,6304.0,0.09609716,6231.0,73.0,BID,17109389572270001
KRW-MASK,2024-03-20,12:49:17,1710938957227,6304.0,4.90390284,6231.0,73.0,BID,17109389572270000
KRW-MASK,2024-03-20,12:49:16,1710938956848,6304.0,14.27664974,6231.0,73.0,BID,17109389568480000
KRW-MASK,2024-03-20,12:49:16,1710938956619,6290.0,1e-08,6231.0,59.0,BID,17109389566190000
KRW-MASK,2024-03-20,12:49:16,1710938956617,6290.0,28.97513175,6231.0,59.0,BID,17109389566170000
KRW-MASK,2024-03-20,12:49:16,1710938956544,6290.0,0.30992934,6231.0,59.0,ASK,17109389565440001
KRW-MASK,2024-03-20,12:49:16,1710938956544,6295.0,1.24179371,6231.0,64.0,ASK,17109389565440000
KRW-MASK,2024-03-20,12:49:12,1710938952676,6290.0,4.45954601,6231.0,59.0,ASK,17109389526760002
KRW-MASK,2024-03-20,12:49:12,1710938952676,6290.0,0.85,6231.0,59.0,ASK,17109389526760001
KRW-MASK,2024-03-20,12:49:12,1710938952676,6290.0,0.87440381,6231.0,59.0,ASK,17109389526760000
KRW-MASK,2024-03-20,12:49:08,1710938948339,6295.0,4.76568705,6231.0,64.0,ASK,17109389483390000
KRW-MASK,2024-03-20,12:49:07,1710938947994,6297.0,15.89825119,6231.0,66.0,ASK,17109389479940000
KRW-MASK,2024-03-20,12:49:07,1710938947353,6298.0,32.21719129,6231.0,67.0,BID,17109389473530000
KRW-MASK,2024-03-20,12:49:07,1710938947312,6298.0,65.38624493,6231.0,67.0,BID,17109389473120001
KRW-MASK,2024-03-20,12:49:07,1710938947312,6298.0,2.782267,6231.0,67.0,BID,17109389473120000
KRW-MASK,2024-03-20,12:49:06,1710938946882,6298.0,24.42148301,6231.0,67.0,ASK,17109389468820001
KRW-MASK,2024-03-20,12:49:06,1710938946882,6298.0,3.1756113,6231.0,67.0,ASK,17109389468820000
KRW-MASK,2024-03-20,12:49:06,1710938946881,6299.0,2.78226702,6231.0,68.0,ASK,17109389468810000
KRW-MASK,2024-03-20,12:49:06,1710938946667,6299.0,9.0,6231.0,68.0,ASK,17109389466670000
KRW-MASK,2024-03-20,12:49:05,1710938945601,6300.0,30.0,6231.0,69.0,ASK,17109389456010001
KRW-MASK,2024-03-20,12:49:05,1710938945601,6300.0,4.76190476,6231.0,69.0,ASK,17109389456010000
KRW-MASK,2024-03-20,12:49:05,1710938945580,6302.0,23.91701441,6231.0,71.0,BID,17109389455800000
KRW-MASK,2024-03-20,12:49:05,1710938945510,6302.0,4.76039352,6231.0,71.0,ASK,17109389455100000
KRW-MASK,2024-03-20,12:49:05,1710938945434,6303.0,4.75963826,6231.0,72.0,ASK,17109389454340000
KRW-MASK,2024-03-20,12:49:03,1710938943966,6306.0,0.64555636,6231.0,75.0,ASK,17109389439660000
KRW-MASK,2024-03-20,12:49:03,1710938943935,6306.0,2.52602625,6231.0,75.0,ASK,17109389439350002
KRW-MASK,2024-03-20,12:49:03,1710938943935,6306.0,4.75737392,6231.0,75.0,ASK,17109389439350001
KRW-MASK,2024-03-20,12:49:03,1710938943935,6306.0,254.71659983,6231.0,75.0,ASK,17109389439350000
KRW-MASK,2024-03-20,12:48:47,1710938927693,6316.0,3.09201855,6231.0,85.0,BID,17109389276930000
KRW-MASK,2024-03-20,12:48:46,1710938926620,6316.0,3.09193127,6231.0,85.0,BID,17109389266200000
KRW-MASK,2024-03-20,12:48:34,1710938914611,6316.0,0.76790882,6231.0,85.0,ASK,17109389146110000
KRW-MASK,2024-03-20,12:48:33,1710938913658,6316.0,59.0,6231.0,85.0,ASK,17109389136580000
KRW-MASK,2024-03-20,12:48:33,1710938913290,6322.0,59.84379252,6231.0,91.0,ASK,17109389132900000
KRW-MASK,2024-03-20,12:48:33,1710938913228,6322.0,102.03583418,6231.0,91.0,BID,17109389132280000
KRW-MASK,2024-03-20,12:48:32,1710938912714,6316.0,3.08935792,6231.0,85.0,ASK,17109389127140000
KRW-MASK,2024-03-20,12:48:31,1710938911681,6322.0,21.63769267,6231.0,91.0,BID,17109389116810000
KRW-MASK,2024-03-20,12:48:30,1710938910265,6322.0,3.08935792,6231.0,91.0,BID,17109389102650000
KRW-MASK,2024-03-20,12:48:28,1710938908183,6322.0,21.62923403,6231.0,91.0,BID,17109389081830000
KRW-MASK,2024-03-20,12:48:27,1710938907554,6322.0,23.79842703,6231.0,91.0,BID,17109389075540000
KRW-MASK,2024-03-20,12:48:17,1710938897125,6322.0,29.15559184,6231.0,91.0,BID,17109388971250000
KRW-MASK,2024-03-20,12:48:15,1710938895606,6320.0,118.25217298,6231.0,89.0,ASK,17109388956060000
KRW-MASK,2024-03-20,12:48:15,1710938895472,6320.0,16.73903394,6231.0,89.0,BID,17109388954720001
KRW-MASK,2024-03-20,12:48:15,1710938895472,6320.0,4.74683545,6231.0,89.0,BID,17109388954720000
KRW-MASK,2024-03-20,12:48:04,1710938884593,6320.0,24.84963742,6231.0,89.0,BID,17109388845930000
KRW-MASK,2024-03-20,12:48:03,1710938883037,6320.0,24.85383052,6231.0,89.0,BID,17109388830370000
KRW-MASK,2024-03-20,12:48:02,1710938882901,6320.0,36.07106001,6231.0,89.0,BID,17109388829010000
KRW-MASK,2024-03-20,12:48:02,1710938882830,6320.0,21.00121576,6231.0,89.0,BID,17109388828300000
KRW-MASK,2024-03-20,12:47:52,1710938872772,6320.0,14.97352589,6231.0,89.0,BID,17109388727720000
KRW-MASK,2024-03-20,12:47:45,1710938865453,6315.0,19.63047175,6231.0,84.0,BID,17109388654530000
KRW-MASK,2024-03-20,12:47:45,1710938865408,6315.0,26.79797041,6231.0,84.0,BID,17109388654080000
KRW-MASK,2024-03-20,12:47:45,1710938865381,6315.0,27.36744864,6231.0,84.0,BID,17109388653810000
KRW-MASK,2024-03-20,12:47:45,1710938865324,6315.0,91.02870551,6231.0,84.0,BID,17109388653240000
KRW-MASK,2024-03-20,12:47:45,1710938865320,6315.0,29.75725274,6231.0,84.0,BID,17109388653200000
KRW-MASK,2024-03-20,12:47:45,1710938865211,6315.0,31.78189473,6231.0,84.0,BID,17109388652110000
KRW-MASK,2024-03-20,12:47:45,1710938865134,6315.0,256.71538752,6231.0,84.0,BID,17109388651340001
KRW-MASK,2024-03-20,12:47:45,1710938865134,6315.0,60.74492994,6231.0,84.0,BID,17109388651340000
KRW-MASK,2024-03-20,12:47:45,1710938865027,6315.0,8.41136328,6231.0,84.0,BID,17109388650270001
KRW-MASK,2024-03-20,12:47:45,1710938865027,6315.0,4.75059383,6231.0,84.0,BID,17109388650270000
KRW-MASK,2024-03-20,12:47:39,1710938859374,6301.0,158.73015873,6231.0,70.0,ASK,17109388593740000
KRW-MASK,2024-03-20,12:47:38,1710938858609,6300.0,4.93546538,6231.0,69.0,BID,17109388586090000
KRW-MASK,2024-03-20,12:47:38,1710938858607,6300.0,316.0,6231.0,69.0,BID,17109388586070000
KRW-MASK,2024-03-20,12:47:38,1710938858600,6300.0,114.48346158,6231.0,69.0,BID,17109388586000000
KRW-MASK,2024-03-20,12:47:38,1710938858554,6300.0,268.13312906,6231.0,69.0,BID,17109388585540000
KRW-MASK,2024-03-20,12:47:38,1710938858514,6300.0,317.56113051,6231.0,69.0,BID,17109388585140000
KRW-MASK,2024-03-20,12:47:38,1710938858483,6300.0,216.88806167,6231.0,69.0,BID,17109388584830001
KRW-MASK,2024-03-20,12:47:38,1710938858483,6299.0,100.67306884,6231.0,68.0,BID,17109388584830000
KRW-MASK,2024-03-20,12:47:38,1710938858399,6300.0,49.76632746,6231.0,69.0,BID,17109388583990000
KRW-MASK,2024-03-20,12:47:38,1710938858382,6300.0,34.86223809,6231.0,69.0,BID,17109388583820000
KRW-MASK,2024-03-20,12:47:38,1710938858329,6300.0,162.42822275,6231.0,69.0,BID,17109388583290000
KRW-MASK,2024-03-20,12:47:38,1710938858195,6300.0,224.19584881,6231.0,69.0,BID,17109388581950000
KRW-MASK,2024-03-20,12:47:38,1710938858150,6300.0,26.2,6231.0,69.0,BID,17109388581500000
KRW-MASK,2024-03-20,12:47:37,1710938857316,6300.0,23.99999999,6231.0,69.0,BID,17109388573160000
KRW-MASK,2024-03-20,12:47:36,1710938856824,6300.0,39.02623167,6231.0,69.0,BID,17109388568240000
KRW-MASK,2024-03-20,12:47:36,1710938856709,6300.0,19.88485892,6231.0,69.0,BID,17109388567090000
KRW-MASK,2024-03-20,12:47:36,1710938856595,6300.0,37.96571428,6231.0,69.0,BID,17109388565950000
KRW-MASK,2024-03-20,12:47:36,1710938856374,6300.0,64.07999999,6231.0,69.0,BID,17109388563740000
KRW-MASK,2024-03-20,12:47:35,1710938855899,6300.0,317.56113051,6231.0,69.0,BID,17109388558990000
KRW-MASK,2024-03-20,12:47:35,1710938855767,6300.0,317.56113051,6231.0,69.0,BID,17109388557670000
KRW-MASK,2024-03-20,12:47:35,1710938855737,6300.0,293.800803,6231.0,69.0,BID,17109388557370000
KRW-MASK,2024-03-20,12:47:35,1710938855727,6300.0,27.68363965,6231.0,69.0,BID,17109388557270000
KRW-MASK,2024-03-20,12:47:35,1710938855627,6300.0,317.56113051,6231.0,69.0,BID,17109388556270000
KRW-MASK,2024-03-20,12:47:35,1710938855626,6300.0,317.56113051,6231.0,69.0,BID,17109388556260000
KRW-MASK,2024-03-20,12:47:35,1710938855617,6300.0,29.17092528,6231.0,69.0,BID,17109388556170000
KRW-MASK,2024-03-20,12:47:35,1710938855438,6300.0,75.9,6231.0,69.0,BID,17109388554380000
KRW-MASK,2024-03-20,12:47:35,1710938855211,6300.0,15.96355711,6231.0,69.0,BID,17109388552110000
KRW-MASK,2024-03-20,12:47:35,1710938855192,6300.0,56.90380922,6231.0,69.0,BID,17109388551920000
KRW-MASK,2024-03-20,12:47:34,1710938854914,6300.0,38.92004972,6231.0,69.0,BID,17109388549140000
KRW-MASK,2024-03-20,12:47:34,1710938854806,6300.0,27.68363965,6231.0,69.0,BID,17109388548060000
KRW-MASK,2024-03-20,12:47:34,1710938854534,6300.0,18.71199999,6231.0,69.0,BID,17109388545340000
KRW-MASK,2024-03-20,12:47:34,1710938854416,6300.0,1.58730158,6231.0,69.0,BID,17109388544160000
KRW-MASK,2024-03-20,12:47:32,1710938852186,6300.0,222.27999632,6231.0,69.0,BID,17109388521860000
KRW-MASK,2024-03-20,12:47:31,1710938851498,6300.0,55.49999999,6231.0,69.0,BID,17109388514980000
KRW-MASK,2024-03-20,12:47:31,1710938851477,6300.0,70.15634431,6231.0,69.0,BID,17109388514770000
KRW-MASK,2024-03-20,12:47:30,1710938850782,6300.0,69.33194544,6231.0,69.0,BID,17109388507820000
KRW-MASK,2024-03-20,12:47:30,1710938850511,6300.0,20.50699566,6231.0,69.0,BID,17109388505110000
KRW-MASK,2024-03-20,12:47:30,1710938850353,6300.0,35.12999999,6231.0,69.0,BID,17109388503530000
KRW-MASK,2024-03-20,12:47:30,1710938850062,6300.0,69.7893326,6231.0,69.0,BID,17109388500620000
KRW-MASK,2024-03-20,12:47:29,1710938849465,6300.0,48.8856303,6231.0,69.0,BID,17109388494650000
KRW-MASK,2024-03-20,12:47:29,1710938849341,6300.0,317.51071598,6231.0,69.0,BID,17109388493410000
KRW-MASK,2024-03-20,12:47:29,1710938849333,6300.0,793.0,6231.0,69.0,BID,17109388493330000
KRW-MASK,2024-03-20,12:47:29,1710938849214,6299.0,164.93865769,6231.0,68.0,BID,17109388492140000
KRW-MASK,2024-03-20,12:47:29,1710938849132,6299.0,346.72831071,6231.0,68.0,BID,17109388491320000
KRW-MASK,2024-03-20,12:47:28,1710938848921,6299.0,13.62985277,6231.0,68.0,BID,17109388489210000
KRW-MASK,2024-03-20,12:47:28,1710938848846,6299.0,317.56113051,6231.0,68.0,BID,17109388488460000
KRW-MASK,2024-03-20,12:47:28,1710938848824,6299.0,316.0,6231.0,68.0,BID,17109388488240000
KRW-MASK,2024-03-20,12:47:28,1710938848752,6299.0,317.56113051,6231.0,68.0,BID,17109388487520000
KRW-MASK,2024-03-20,12:47:28,1710938848679,6299.0,70.24277776,6231.0,68.0,BID,17109388486790000
KRW-MASK,2024-03-20,12:47:28,1710938848629,6299.0,15.87553579,6231.0,68.0,ASK,17109388486290002
KRW-MASK,2024-03-20,12:47:28,1710938848629,6299.0,1.0,6231.0,68.0,ASK,17109388486290001
KRW-MASK,2024-03-20,12:47:28,1710938848629,6299.0,79.39037942,6231.0,68.0,ASK,17109388486290000
KRW-MASK,2024-03-20,12:47:28,1710938848528,6300.0,793.0,6231.0,69.0,BID,17109388485280000
KRW-MASK,2024-03-20,12:47:28,1710938848422,6300.0,317.51071598,6231.0,69.0,BID,17109388484220000
KRW-MASK,2024-03-20,12:47:28,1710938848358,6300.0,317.51071598,6231.0,69.0,BID,17109388483580000
KRW-MASK,2024-03-20,12:47:28,1710938848233,6300.0,24.07715607,6231.0,69.0,BID,17109388482330000
KRW-MASK,2024-03-20,12:47:28,1710938848202,6300.0,317.51071598,6231.0,69.0,BID,17109388482020000
KRW-MASK,2024-03-20,12:47:28,1710938848147,6300.0,793.0,6231.0,69.0,BID,17109388481470000
KRW-MASK,2024-03-20,12:47:28,1710938848104,6300.0,317.51071598,6231.0,69.0,BID,17109388481040000
KRW-MASK,2024-03-20,12:47:28,1710938848065,6300.0,317.51071598,6231.0,69.0,BID,17109388480650000
KRW-MASK,2024-03-20,12:47:27,1710938847908,6300.0,16.37126363,6231.0,69.0,BID,17109388479080000
KRW-MASK,2024-03-20,12:47:27,1710938847887,6300.0,58.35722712,6231.0,69.0,BID,17109388478870000
KRW-MASK,2024-03-20,12:47:27,1710938847886,6300.0,343.80176911,6231.0,69.0,BID,17109388478860000
KRW-MASK,2024-03-20,12:47:27,1710938847147,6300.0,22.78,6231.0,69.0,BID,17109388471470000
KRW-MASK,2024-03-20,12:47:25,1710938845803,6300.0,41.15999999,6231.0,69.0,BID,17109388458030000
KRW-MASK,2024-03-20,12:47:23,1710938843306,6300.0,27.68363965,6231.0,69.0,BID,17109388433060000
KRW-MASK,2024-03-20,12:47:23,1710938843252,6300.0,37.78304277,6231.0,69.0,BID,17109388432520000
KRW-MASK,2024-03-20,12:47:23,1710938843086,6300.0,46.90945056,6231.0,69.0,BID,17109388430860000
KRW-MASK,2024-03-20,12:47:22,1710938842656,6300.0,20.17257917,6231.0,69.0,BID,17109388426560000
KRW-MASK,2024-03-20,12:47:22,1710938842583,6300.0,19.40964878,6231.0,69.0,BID,17109388425830000
KRW-MASK,2024-03-20,12:47:22,1710938842486,6300.0,32.4,6231.0,69.0,BID,17109388424860000
KRW-MASK,2024-03-20,12:47:21,1710938841356,6300.0,72.88918792,6231.0,69.0,BID,17109388413560000
KRW-MASK,2024-03-20,12:47:21,1710938841157,6300.0,165.02812086,6231.0,69.0,BID,17109388411570000
KRW-MASK,2024-03-20,12:47:20,1710938840450,6300.0,67.64896691,6231.0,69.0,BID,17109388404500000
KRW-MASK,2024-03-20,12:47:20,1710938840338,6300.0,59.85356628,6231.0,69.0,BID,17109388403380000
KRW-MASK,2024-03-20,12:47:20,1710938840314,6300.0,16.79103962,6231.0,69.0,BID,17109388403140000
KRW-MASK,2024-03-20,12:47:20,1710938840204,6300.0,69.8870582,6231.0,69.0,BID,17109388402040000
KRW-MASK,2024-03-20,12:47:20,1710938840116,6300.0,222.3,6231.0,69.0,BID,17109388401160000
KRW-MASK,2024-03-20,12:47:20,1710938840104,6300.0,86.0,6231.0,69.0,BID,17109388401040000
KRW-MASK,2024-03-20,12:47:19,1710938839987,6300.0,21.92702861,6231.0,69.0,BID,17109388399870000
KRW-MASK,2024-03-20,12:47:19,1710938839272,6300.0,20.76,6231.0,69.0,BID,17109388392720000
KRW-MASK,2024-03-20,12:47:19,1710938839053,6300.0,244.51190476,6231.0,69.0,BID,17109388390530000
KRW-MASK,2024-03-20,12:47:18,1710938838112,6300.0,54.24789109,6231.0,69.0,BID,17109388381120000
KRW-MASK,2024-03-20,12:47:17,1710938837995,6300.0,100.0,6231.0,69.0,BID,17109388379950000
KRW-MASK,2024-03-20,12:47:17,1710938837808,6300.0,317.51071598,6231.0,69.0,BID,17109388378080000
KRW-MASK,2024-03-20,12:47:17,1710938837792,6300.0,31.86610113,6231.0,69.0,BID,17109388377920000
KRW-MASK,2024-03-20,12:47:17,1710938837775,6300.0,76.91857278,6231.0,69.0,BID,17109388377750000
KRW-MASK,2024-03-20,12:47:17,1710938837762,6300.0,35.67584319,6231.0,69.0,BID,17109388377620000
KRW-MASK,2024-03-20,12:47:17,1710938837756,6300.0,3.15058499,6231.0,69.0,BID,17109388377560000
KRW-MASK,2024-03-20,12:47:17,1710938837743,6300.0,317.51071598,6231.0,69.0,BID,17109388377430000
KRW-MASK,2024-03-20,12:47:17,1710938837524,6300.0,317.51071598,6231.0,69.0,BID,17109388375240000
KRW-MASK,2024-03-20,12:47:17,1710938837418,6300.0,639.88700188,6231.0,69.0,BID,17109388374180000
KRW-MASK,2024-03-20,12:47:17,1710938837239,6300.0,35.41532293,6231.0,69.0,BID,17109388372390000
KRW-MASK,2024-03-20,12:47:17,1710938837144,6300.0,17.75008,6231.0,69.0,BID,17109388371440000
KRW-MASK,2024-03-20,12:47:17,1710938837067,6300.0,22.82452758,6231.0,69.0,BID,17109388370670000
KRW-MASK,2024-03-20,12:47:16,1710938836598,6300.0,220.01776889,6231.0,69.0,BID,17109388365980000
KRW-MASK,2024-03-20,12:47:16,1710938836326,6300.0,58.91809523,6231.0,69.0,BID,17109388363260000
KRW-MASK,2024-03-20,12:47:15,1710938835458,6300.0,31.89927179,6231.0,69.0,BID,17109388354580000
KRW-MASK,2024-03-20,12:47:14,1710938834450,6300.0,95.71933311,6231.0,69.0,BID,17109388344500000
KRW-MASK,2024-03-20,12:47:14,1710938834440,6300.0,36.2446501,6231.0,69.0,BID,17109388344400000
KRW-MASK,2024-03-20,12:47:14,1710938834435,6300.0,78.26183803,6231.0,69.0,BID,17109388344350000
KRW-MASK,2024-03-20,12:47:14,1710938834406,6300.0,61.38827311,6231.0,69.0,BID,17109388344060000
KRW-MASK,2024-03-20,12:47:14,1710938834397,6300.0,15.70563011,6231.0,69.0,BID,17109388343970000
KRW-MASK,2024-03-20,12:47:14,1710938834391,6300.0,160.17863078,6231.0,69.0,BID,17109388343910000
KRW-MASK,2024-03-20,12:47:14,1710938834295,6300.0,4.76190476,6231.0,69.0,ASK,17109388342950004
KRW-MASK,2024-03-20,12:47:14,1710938834295,6300.0,617.25450807,6231.0,69.0,ASK,17109388342950003
KRW-MASK,2024-03-20,12:47:14,1710938834295,6301.0,467.40810982,6231.0,70.0,ASK,17109388342950002
KRW-MASK,2024-03-20,12:47:14,1710938834295,6301.0,15.87049674,6231.0,70.0,ASK,17109388342950001
KRW-MASK,2024-03-20,12:47:14,1710938834295,6301.0,0.23968187,6231.0,70.0,ASK,17109388342950000
KRW-MASK,2024-03-20,12:47:05,1710938825901,6302.0,1e-08,6231.0,71.0,BID,17109388259010000
KRW-MASK,2024-03-20,12:47:05,1710938825821,6302.0,51.91450581,6231.0,71.0,BID,17109388258210000
KRW-MASK,2024-03-20,12:47:04,1710938824899,6302.0,28.11656953,6231.0,71.0,BID,17109388248990000
KRW-MASK,2024-03-20,12:47:04,1710938824886,6302.0,26.91007811,6231.0,71.0,BID,17109388248860000
KRW-MASK,2024-03-20,12:47:04,1710938824761,6302.0,4.28435417,6231.0,71.0,BID,17109388247610000
KRW-MASK,2024-03-20,12:47:04,1710938824096,6302.0,26.50286909,6231.0,71.0,BID,17109388240960000
KRW-MASK,2024-03-20,12:47:00,1710938820484,6302.0,38.9243324,6231.0,71.0,BID,17109388204840000
KRW-MASK,2024-03-20,12:47:00,1710938820481,6302.0,56.15073916,6231.0,71.0,BID,17109388204810000
KRW-MASK,2024-03-20,12:46:57,1710938817798,6302.0,27.76279825,6231.0,71.0,BID,17109388177980000
KRW-MASK,2024-03-20,12:46:57,1710938817169,6302.0,15.86797841,6231.0,71.0,BID,17109388171690000
KRW-MASK,2024-03-20,12:46:56,1710938816656,6302.0,365.12666259,6231.0,71.0,ASK,17109388166560000
KRW-MASK,2024-03-20,12:46:54,1710938814560,6302.0,31.13664656,6231.0,71.0,ASK,17109388145600000
KRW-MASK,2024-03-20,12:46:26,1710938786888,6301.0,315.45741324,6231.0,70.0,ASK,17109387868880000
KRW-MASK,2024-03-20,12:46:22,1710938782876,6300.0,107.06745793,6231.0,69.0,ASK,17109387828760002
KRW-MASK,2024-03-20,12:46:22,1710938782876,6300.0,4.76190476,6231.0,69.0,ASK,17109387828760001
KRW-MASK,2024-03-20,12:46:22,1710938782876,6300.0,568.17063731,6231.0,69.0,ASK,17109387828760000
KRW-MASK,2024-03-20,12:46:19,1710938779721,6309.0,1.0,6231.0,78.0,BID,17109387797210000
KRW-MASK,2024-03-20,12:46:15,1710938775023,6300.0,17.58085163,6231.0,69.0,ASK,17109387750230000
KRW-MASK,2024-03-20,12:46:14,1710938774733,6300.0,115.33882698,6231.0,69.0,ASK,17109387747330001
KRW-MASK,2024-03-20,12:46:14,1710938774733,6302.0,3.66117302,6231.0,71.0,ASK,17109387747330000
KRW-MASK,2024-03-20,12:46:14,1710938774730,6302.0,65.02531167,6231.0,71.0,BID,17109387747300000
KRW-MASK,2024-03-20,12:46:14,1710938774688,6302.0,21.47999999,6231.0,71.0,BID,17109387746880000
KRW-MASK,2024-03-20,12:46:14,1710938774659,6300.0,60.0,6231.0,69.0,ASK,17109387746590000
KRW-MASK,2024-03-20,12:46:14,1710938774602,6300.0,32.16385064,6231.0,69.0,ASK,17109387746020001
KRW-MASK,2024-03-20,12:46:14,1710938774602,6300.0,67.83614936,6231.0,69.0,ASK,17109387746020000
KRW-MASK,2024-03-20,12:46:14,1710938774212,6302.0,79.33989209,6231.0,71.0,ASK,17109387742120002
KRW-MASK,2024-03-20,12:46:14,1710938774212,6302.0,10.0,6231.0,71.0,ASK,17109387742120001
KRW-MASK,2024-03-20,12:46:14,1710938774212,6302.0,100.37474763,6231.0,71.0,ASK,17109387742120000
KRW-MASK,2024-03-20,12:46:14,1710938774208,6302.0,268.13312906,6231.0,71.0,ASK,17109387742080006
KRW-MASK,2024-03-20,12:46:14,1710938774208,6302.0,28.15191385,6231.0,71.0,ASK,17109387742080005
KRW-MASK,2024-03-20,12:46:14,1710938774208,6302.0,95.7641225,6231.0,71.0,ASK,17109387742080004
KRW-MASK,2024-03-20,12:46:14,1710938774208,6302.0,192.50872738,6231.0,71.0,ASK,17109387742080003
KRW-MASK,2024-03-20,12:46:14,1710938774208,6302.0,4.76039352,6231.0,71.0,ASK,17109387742080002
KRW-MASK,2024-03-20,12:46:14,1710938774208,6302.0,245.9146,6231.0,71.0,ASK,17109387742080001
KRW-MASK,2024-03-20,12:46:14,1710938774208,6302.0,49.1664609,6231.0,71.0,ASK,17109387742080000
KRW-MASK,2024-03-20,12:46:13,1710938773837,6315.0,158.35312747,6231.0,84.0,BID,17109387738370000
KRW-MASK,2024-03-20,12:46:10,1710938770300,6315.0,22.62594117,6231.0,84.0,BID,17109387703000000
KRW-MASK,2024-03-20,12:46:08,1710938768659,6315.0,329.00002888,6231.0,84.0,BID,17109387686590000
KRW-MASK,2024-03-20,12:46:02,1710938762952,6315.0,31.84119311,6231.0,84.0,BID,17109387629520000
KRW-MASK,2024-03-20,12:45:51,1710938751858,6302.0,6.16054055,6231.0,71.0,ASK,17109387518580000
KRW-MASK,2024-03-20,12:45:49,1710938749847,6302.0,111.26029855,6231.0,71.0,ASK,17109387498470000
KRW-MASK,2024-03-20,12:45:48,1710938748890,6315.0,244.41493327,6231.0,84.0,BID,17109387488900001
KRW-MASK,2024-03-20,12:45:48,1710938748890,6315.0,7.70716406,6231.0,84.0,BID,17109387488900000
KRW-MASK,2024-03-20,12:45:47,1710938747139,6304.0,127.4859998,6231.0,73.0,ASK,17109387471390003
KRW-MASK,2024-03-20,12:45:47,1710938747139,6305.0,4.75812846,6231.0,74.0,ASK,17109387471390002
KRW-MASK,2024-03-20,12:45:47,1710938747139,6305.0,68.71481777,6231.0,74.0,ASK,17109387471390001
KRW-MASK,2024-03-20,12:45:47,1710938747139,6305.0,46.04105397,6231.0,74.0,ASK,17109387471390000
KRW-MASK,2024-03-20,12:45:47,1710938747098,6314.0,1e-08,6231.0,83.0,ASK,17109387470980000
KRW-MASK,2024-03-20,12:45:47,1710938747094,6314.0,1239.14158214,6231.0,83.0,ASK,17109387470940000
KRW-MASK,2024-03-20,12:45:47,1710938747048,6312.0,0.92099663,6231.0,81.0,BID,17109387470480000
KRW-MASK,2024-03-20,12:45:41,1710938741005,6305.0,6.71694808,6231.0,74.0,ASK,17109387410050004
KRW-MASK,2024-03-20,12:45:41,1710938741005,6310.0,36.21063081,6231.0,79.0,ASK,17109387410050003
KRW-MASK,2024-03-20,12:45:41,1710938741005,6311.0,27.59269196,6231.0,80.0,ASK,17109387410050002
KRW-MASK,2024-03-20,12:45:41,1710938741005,6311.0,30.51214722,6231.0,80.0,ASK,17109387410050001
KRW-MASK,2024-03-20,12:45:41,1710938741005,6311.0,10.03184293,6231.0,80.0,ASK,17109387410050000
KRW-MASK,2024-03-20,12:45:39,1710938739626,6311.0,20.14972798,6231.0,80.0,ASK,17109387396260000
KRW-MASK,2024-03-20,12:45:38,1710938738337,6312.0,70.87164419,6231.0,81.0,BID,17109387383370001
KRW-MASK,2024-03-20,12:45:38,1710938738337,6312.0,61.12835581,6231.0,81.0,BID,17109387383370000
KRW-MASK,2024-03-20,12:45:37,1710938737526,6312.0,1e-08,6231.0,81.0,ASK,17109387375260000
KRW-MASK,2024-03-20,12:45:35,1710938735478,6312.0,30.37406816,6231.0,81.0,ASK,17109387354780001
KRW-MASK,2024-03-20,12:45:35,1710938735478,6312.0,30.47640979,6231.0,81.0,ASK,17109387354780000
KRW-MASK,2024-03-20,12:45:34,1710938734065,6320.0,55.5907436,6231.0,89.0,BID,17109387340650000
KRW-MASK,2024-03-20,12:45:32,1710938732521,6320.0,85.76612923,6231.0,89.0,BID,17109387325210000
KRW-MASK,2024-03-20,12:45:26,1710938726688,6305.0,120.70210273,6231.0,74.0,BID,17109387266880000
KRW-MASK,2024-03-20,12:45:26,1710938726553,6305.0,1.55460891,6231.0,74.0,ASK,17109387265530000
KRW-MASK,2024-03-20,12:45:24,1710938724048,6305.0,61.44090144,6231.0,74.0,ASK,17109387240480000
KRW-MASK,2024-03-20,12:45:19,1710938719094,6305.0,1.86505069,6231.0,74.0,BID,17109387190940000
KRW-MASK,2024-03-20,12:45:18,1710938718959,6305.0,26.32326741,6231.0,74.0,BID,17109387189590000
KRW-MASK,2024-03-20,12:45:18,1710938718744,6305.0,26.3,6231.0,74.0,BID,17109387187440000
KRW-MASK,2024-03-20,12:45:18,1710938718532,6305.0,72.45,6231.0,74.0,ASK,17109387185320001
KRW-MASK,2024-03-20,12:45:18,1710938718532,6306.0,34.6485064,6231.0,75.0,ASK,17109387185320000
KRW-MASK,2024-03-20,12:45:07,1710938707209,6306.0,4.32409025,6231.0,75.0,ASK,17109387072090000
KRW-MASK,2024-03-20,12:45:05,1710938705533,6300.0,385.2119066,6231.0,69.0,BID,17109387055330000
KRW-MASK,2024-03-20,12:45:05,1710938705483,6300.0,121.35533386,6231.0,69.0,BID,17109387054830000
KRW-MASK,2024-03-20,12:45:05,1710938705456,6300.0,48.2,6231.0,69.0,BID,17109387054560000
KRW-MASK,2024-03-20,12:45:05,1710938705420,6300.0,53.0,6231.0,69.0,BID,17109387054200000
KRW-MASK,2024-03-20,12:45:05,1710938705107,6300.0,169.0,6231.0,69.0,BID,17109387051070000
KRW-MASK,2024-03-20,12:45:05,1710938705064,6300.0,68.26553692,6231.0,69.0,BID,17109387050640000
KRW-MASK,2024-03-20,12:45:04,1710938704998,6300.0,24.34257962,6231.0,69.0,BID,17109387049980000
KRW-MASK,2024-03-20,12:45:04,1710938704986,6300.0,33.37267134,6231.0,69.0,BID,17109387049860000
KRW-MASK,2024-03-20,12:45:04,1710938704975,6300.0,31.36244603,6231.0,69.0,BID,17109387049750000
KRW-MASK,2024-03-20,12:45:04,1710938704949,6300.0,317.51071598,6231.0,69.0,BID,17109387049490000
KRW-MASK,2024-03-20,12:45:04,1710938704899,6300.0,321.0,6231.0,69.0,BID,17109387048990000
KRW-MASK,2024-03-20,12:45:04,1710938704885,6300.0,32.9,6231.0,69.0,BID,17109387048850000
KRW-MASK,2024-03-20,12:45:04,1710938704847,6300.0,317.51071598,6231.0,69.0,BID,17109387048470000
KRW-MASK,2024-03-20,12:45:04,1710938704836,6300.0,317.51071598,6231.0,69.0,BID,17109387048360000
KRW-MASK,2024-03-20,12:45:04,1710938704810,6300.0,293.80080303,6231.0,69.0,BID,17109387048100000
KRW-MASK,2024-03-20,12:45:04,1710938704804,6300.0,22.70673247,6231.0,69.0,BID,17109387048040000
KRW-MASK,2024-03-20,12:45:04,1710938704765,6300.0,38.11382413,6231.0,69.0,BID,17109387047650000
KRW-MASK,2024-03-20,12:45:04,1710938704758,6300.0,25.24147988,6231.0,69.0,BID,17109387047580000
KRW-MASK,2024-03-20,12:45:04,1710938704752,6300.0,317.51071598,6231.0,69.0,BID,17109387047520000
KRW-MASK,2024-03-20,12:45:04,1710938704750,6300.0,317.51071598,6231.0,69.0,BID,17109387047500000
KRW-MASK,2024-03-20,12:45:04,1710938704730,6300.0,627.01382752,6231.0,69.0,BID,17109387047300000
KRW-MASK,2024-03-20,12:45:04,1710938704705,6300.0,27.53865854,6231.0,69.0,BID,17109387047050000
KRW-MASK,2024-03-20,12:45:04,1710938704687,6300.0,317.51071598,6231.0,69.0,BID,17109387046870000
KRW-MASK,2024-03-20,12:45:04,1710938704675,6300.0,30.20483775,6231.0,69.0,BID,17109387046750000
KRW-MASK,2024-03-20,12:45:04,1710938704660,6300.0,55.86032857,6231.0,69.0,BID,17109387046600001
KRW-MASK,2024-03-20,12:45:04,1710938704660,6300.0,159.89999999,6231.0,69.0,BID,17109387046600000
KRW-MASK,2024-03-20,12:45:04,1710938704652,6300.0,317.51071598,6231.0,69.0,BID,17109387046520000
KRW-MASK,2024-03-20,12:45:04,1710938704644,6300.0,396.88839498,6231.0,69.0,BID,17109387046440000
KRW-MASK,2024-03-20,12:45:04,1710938704643,6300.0,476.26607397,6231.0,69.0,BID,17109387046430000
KRW-MASK,2024-03-20,12:45:04,1710938704640,6300.0,793.0,6231.0,69.0,BID,17109387046400000
KRW-MASK,2024-03-20,12:45:04,1710938704620,6300.0,62.96233139,6231.0,69.0,BID,17109387046200000
KRW-MASK,2024-03-20,12:45:04,1710938704619,6300.0,293.80080303,6231.0,69.0,BID,17109387046190000
KRW-MASK,2024-03-20,12:45:04,1710938704618,6300.0,246.0512,6231.0,69.0,BID,17109387046180000
KRW-MASK,2024-03-20,12:45:04,1710938704617,6300.0,49.90287949,6231.0,69.0,BID,17109387046170000
KRW-MASK,2024-03-20,12:45:04,1710938704615,6300.0,17.62428756,6231.0,69.0,BID,17109387046150000
KRW-MASK,2024-03-20,12:45:04,1710938704602,6300.0,293.80080303,6231.0,69.0,BID,17109387046020001
KRW-MASK,2024-03-20,12:45:04,1710938704602,6300.0,222.27999732,6231.0,69.0,BID,17109387046020000
KRW-MASK,2024-03-20,12:45:04,1710938704597,6300.0,166.6798,6231.0,69.0,BID,17109387045970001
KRW-MASK,2024-03-20,12:45:04,1710938704597,6300.0,1313.70966702,6231.0,69.0,BID,17109387045970000
KRW-MASK,2024-03-20,12:45:04,1710938704471,6300.0,4.76190476,6231.0,69.0,ASK,17109387044710007
KRW-MASK,2024-03-20,12:45:04,1710938704471,6306.0,27.32456536,6231.0,75.0,ASK,17109387044710006
KRW-MASK,2024-03-20,12:45:04,1710938704471,6307.0,4.75661962,6231.0,76.0,ASK,17109387044710005
KRW-MASK,2024-03-20,12:45:04,1710938704471,6307.0,34.97985729,6231.0,76.0,ASK,17109387044710004
KRW-MASK,2024-03-20,12:45:04,1710938704471,6307.0,52.50271807,6231.0,76.0,ASK,17109387044710003
KRW-MASK,2024-03-20,12:45:04,1710938704471,6308.0,4.75586556,6231.0,77.0,ASK,17109387044710002
KRW-MASK,2024-03-20,12:45:04,1710938704471,6308.0,63.37985097,6231.0,77.0,ASK,17109387044710001
KRW-MASK,2024-03-20,12:45:04,1710938704471,6313.0,167.11599834,6231.0,82.0,ASK,17109387044710000
KRW-MASK,2024-03-20,12:44:59,1710938699789,6313.0,220.5659232,6231.0,82.0,ASK,17109386997890000
KRW-MASK,2024-03-20,12:44:58,1710938698990,6317.0,18.96454012,6231.0,86.0,BID,17109386989900000
KRW-MASK,2024-03-20,12:44:58,1710938698195,6318.0,0.87132103,6231.0,87.0,ASK,17109386981950000
KRW-MASK,2024-03-20,12:44:57,1710938697378,6318.0,55.0,6231.0,87.0,ASK,17109386973780000
KRW-MASK,2024-03-20,12:44:57,1710938697117,6318.0,47.0093374,6231.0,87.0,ASK,17109386971170002
KRW-MASK,2024-03-20,12:44:57,1710938697117,6318.0,144.24382716,6231.0,87.0,ASK,17109386971170001
KRW-MASK,2024-03-20,12:44:57,1710938697117,6320.0,4.74683544,6231.0,89.0,ASK,17109386971170000
KRW-MASK,2024-03-20,12:44:57,1710938697056,6321.0,7.2,6231.0,90.0,BID,17109386970560000
KRW-MASK,2024-03-20,12:44:56,1710938696850,6323.0,8.72725111,6231.0,92.0,ASK,17109386968500000
KRW-MASK,2024-03-20,12:44:56,1710938696792,6325.0,1.0,6231.0,94.0,ASK,17109386967920002
KRW-MASK,2024-03-20,12:44:56,1710938696792,6325.0,29.40246609,6231.0,94.0,ASK,17109386967920001
KRW-MASK,2024-03-20,12:44:56,1710938696792,6326.0,1e-08,6231.0,95.0,ASK,17109386967920000
KRW-MASK,2024-03-20,12:44:56,1710938696774,6326.0,196.61739545,6231.0,95.0,ASK,17109386967740000
KRW-MASK,2024-03-20,12:44:55,1710938695978,6326.0,131.67852954,6231.0,95.0,ASK,17109386959780000
KRW-MASK,2024-03-20,12:44:53,1710938693269,6331.0,12.24470857,6231.0,100.0,BID,17109386932690000
KRW-MASK,2024-03-20,12:44:50,1710938690809,6331.0,36.0,6231.0,100.0,BID,17109386908090000
KRW-MASK,2024-03-20,12:44:50,1710938690254,6327.0,27.81,6231.0,96.0,BID,17109386902540000
KRW-MASK,2024-03-20,12:44:50,1710938690205,6326.0,304.01517205,6231.0,95.0,ASK,17109386902050001
KRW-MASK,2024-03-20,12:44:50,1710938690205,6326.0,77.72691764,6231.0,95.0,ASK,17109386902050000
KRW-MASK,2024-03-20,12:44:49,1710938689708,6327.0,294.43796426,6231.0,96.0,ASK,17109386897080000
KRW-MASK,2024-03-20,12:44:49,1710938689620,6327.0,21.667615,6231.0,96.0,ASK,17109386896200002
KRW-MASK,2024-03-20,12:44:49,1710938689620,6327.0,1.0,6231.0,96.0,ASK,17109386896200001
KRW-MASK,2024-03-20,12:44:49,1710938689620,6327.0,478.806895,6231.0,96.0,ASK,17109386896200000
KRW-MASK,2024-03-20,12:44:48,1710938688453,6328.0,0.91340075,6231.0,97.0,ASK,17109386884530000
KRW-MASK,2024-03-20,12:44:43,1710938683406,6327.0,521.193105,6231.0,96.0,ASK,17109386834060000
KRW-MASK,2024-03-20,12:44:30,1710938670312,6335.0,4.73559589,6231.0,104.0,BID,17109386703120000
KRW-MASK,2024-03-20,12:44:30,1710938670082,6335.0,1.0,6231.0,104.0,ASK,17109386700820001
KRW-MASK,2024-03-20,12:44:30,1710938670082,6335.0,115.12799585,6231.0,104.0,ASK,17109386700820000
KRW-MASK,2024-03-20,12:44:27,1710938667604,6335.0,175.57137273,6231.0,104.0,ASK,17109386676040000
KRW-MASK,2024-03-20,12:44:25,1710938665400,6340.0,1.57728706,6231.0,109.0,BID,17109386654000000
KRW-MASK,2024-03-20,12:44:24,1710938664838,6340.0,3.0802268,6231.0,109.0,BID,17109386648380000
KRW-MASK,2024-03-20,12:44:23,1710938663464,6340.0,1.50128328,6231.0,109.0,BID,17109386634640001
KRW-MASK,2024-03-20,12:44:23,1710938663464,6340.0,1.57903047,6231.0,109.0,BID,17109386634640000
KRW-MASK,2024-03-20,12:44:20,1710938660498,6340.0,31.54574132,6231.0,109.0,BID,17109386604980000
KRW-MASK,2024-03-20,12:44:17,1710938657823,6336.0,3.08972074,6231.0,105.0,ASK,17109386578230000
KRW-MASK,2024-03-20,12:44:13,1710938653983,6340.0,32.0,6231.0,109.0,BID,17109386539830000
KRW-MASK,2024-03-20,12:44:07,1710938647015,6326.0,308.92373427,6231.0,95.0,ASK,17109386470150002
KRW-MASK,2024-03-20,12:44:07,1710938647015,6333.0,1.579,6231.0,102.0,ASK,17109386470150001
KRW-MASK,2024-03-20,12:44:07,1710938647015,6333.0,57.49726573,6231.0,102.0,ASK,17109386470150000
KRW-MASK,2024-03-20,12:44:05,1710938645899,6339.0,84.77406356,6231.0,108.0,BID,17109386458990001
KRW-MASK,2024-03-20,12:44:05,1710938645899,6339.0,6.92706133,6231.0,108.0,BID,17109386458990000
KRW-MASK,2024-03-20,12:44:05,1710938645804,6340.0,1.54809381,6231.0,109.0,ASK,17109386458040000
KRW-MASK,2024-03-20,12:44:05,1710938645662,6340.0,156.2303852,6231.0,109.0,BID,17109386456620000
KRW-MASK,2024-03-20,12:44:02,1710938642157,6340.0,43.70712092,6231.0,109.0,BID,17109386421570000
KRW-MASK,2024-03-20,12:44:01,1710938641338,6340.0,16.85102147,6231.0,109.0,BID,17109386413380001
KRW-MASK,2024-03-20,12:44:01,1710938641338,6340.0,3.22863152,6231.0,109.0,BID,17109386413380000
KRW-MASK,2024-03-20,12:44:00,1710938640107,6340.0,1.50322968,6231.0,109.0,BID,17109386401070001
KRW-MASK,2024-03-20,12:44:00,1710938640107,6338.0,23.74811774,6231.0,107.0,BID,17109386401070000
KRW-MASK,2024-03-20,12:44:00,1710938640005,6338.0,36.71507701,6231.0,107.0,BID,17109386400050001
KRW-MASK,2024-03-20,12:44:00,1710938640005,6338.0,51.28492299,6231.0,107.0,BID,17109386400050000
KRW-MASK,2024-03-20,12:43:59,1710938639286,6338.0,37.86603934,6231.0,107.0,BID,17109386392860000
KRW-MASK,2024-03-20,12:43:59,1710938639089,6339.0,115.75064603,6231.0,108.0,ASK,17109386390890001
KRW-MASK,2024-03-20,12:43:59,1710938639089,6339.0,88.83347848,6231.0,108.0,ASK,17109386390890000
KRW-MASK,2024-03-20,12:43:59,1710938639012,6338.0,26.96968307,6231.0,107.0,BID,17109386390120000
KRW-MASK,2024-03-20,12:43:58,1710938638900,6333.0,456.8468779,6231.0,102.0,BID,17109386389000000
KRW-MASK,2024-03-20,12:43:58,1710938638838,6333.0,195.7915191,6231.0,102.0,BID,17109386388380000
KRW-MASK,2024-03-20,12:43:58,1710938638718,6333.0,85.0,6231.0,102.0,BID,17109386387180000
KRW-MASK,2024-03-20,12:43:58,1710938638701,6333.0,56.37569107,6231.0,102.0,BID,17109386387010000
KRW-MASK,2024-03-20,12:43:58,1710938638359,6333.0,34.34590736,6231.0,102.0,BID,17109386383590000
KRW-MASK,2024-03-20,12:43:58,1710938638356,6333.0,56.77708195,6231.0,102.0,BID,17109386383560000
KRW-MASK,2024-03-20,12:43:58,1710938638349,6333.0,27.44912797,6231.0,102.0,BID,17109386383490000
KRW-MASK,2024-03-20,12:43:58,1710938638330,6333.0,41.20817712,6231.0,102.0,BID,17109386383300000
KRW-MASK,2024-03-20,12:43:58,1710938638303,6333.0,33.95004518,6231.0,102.0,BID,17109386383030000
KRW-MASK,2024-03-20,12:43:58,1710938638213,6333.0,49.11352462,6231.0,102.0,BID,17109386382130000
KRW-MASK,2024-03-20,12:43:58,1710938638208,6333.0,26.22465171,6231.0,102.0,BID,17109386382080000
KRW-APT,2024-03-20,12:51:31,1710939091429,21950.0,248.62784856,23040.0,-1090.0,ASK,17109390914290005
KRW-APT,2024-03-20,12:51:31,1710939091429,21950.0,2.27479526,23040.0,-1090.0,ASK,17109390914290004
KRW-APT,2024-03-20,12:51:31,1710939091429,21950.0,8.28150844,23040.0,-1090.0,ASK,17109390914290003
KRW-APT,2024-03-20,12:51:31,1710939091429,21950.0,61.57759908,23040.0,-1090.0,ASK,17109390914290002
KRW-APT,2024-03-20,12:51:31,1710939091429,21950.0,1.0,23040.0,-1090.0,ASK,17109390914290001
KRW-APT,2024-03-20,12:51:31,1710939091429,21950.0,133.45220602,23040.0,-1090.0,ASK,17109390914290000
KRW-APT,2024-03-20,12:51:26,1710939086426,21950.0,117.84496937,23040.0,-1090.0,ASK,17109390864260003
KRW-APT,2024-03-20,12:51:26,1710939086426,21950.0,0.89034168,23040.0,-1090.0,ASK,17109390864260002
KRW-APT,2024-03-20,12:51:26,1710939086426,21950.0,254.91987491,23040.0,-1090.0,ASK,17109390864260001
KRW-APT,2024-03-20,12:51:26,1710939086426,21950.0,82.3212054,23040.0,-1090.0,ASK,17109390864260000
KRW-APT,2024-03-20,12:51:24,1710939084313,21960.0,104.87256371,23040.0,-1080.0,BID,17109390843130000
KRW-APT,2024-03-20,12:51:21,1710939081607,21950.0,1.99858317,23040.0,-1090.0,ASK,17109390816070000
KRW-APT,2024-03-20,12:51:19,1710939079550,21960.0,0.4553734,23040.0,-1080.0,ASK,17109390795500000
KRW-APT,2024-03-20,12:51:17,1710939077892,21960.0,2.65720856,23040.0,-1080.0,BID,17109390778920000
KRW-APT,2024-03-20,12:51:17,1710939077258,21950.0,145.39619626,23040.0,-1090.0,ASK,17109390772580005
KRW-APT,2024-03-20,12:51:17,1710939077258,21950.0,1.60396355,23040.0,-1090.0,ASK,17109390772580004
KRW-APT,2024-03-20,12:51:17,1710939077258,21950.0,31.92103265,23040.0,-1090.0,ASK,17109390772580003
KRW-APT,2024-03-20,12:51:17,1710939077258,21950.0,40.32494003,23040.0,-1090.0,ASK,17109390772580002
KRW-APT,2024-03-20,12:51:17,1710939077258,21950.0,1.0,23040.0,-1090.0,ASK,17109390772580001
KRW-APT,2024-03-20,12:51:17,1710939077258,21950.0,5.76551097,23040.0,-1090.0,ASK,17109390772580000
KRW-APT,2024-03-20,12:51:17,1710939077255,21950.0,110.20739335,23040.0,-1090.0,ASK,17109390772550004
KRW-APT,2024-03-20,12:51:17,1710939077255,21950.0,2.40127562,23040.0,-1090.0,ASK,17109390772550003
KRW-APT,2024-03-20,12:51:17,1710939077255,21950.0,18.59966742,23040.0,-1090.0,ASK,17109390772550002
KRW-APT,2024-03-20,12:51:17,1710939077255,21960.0,0.4,23040.0,-1080.0,ASK,17109390772550001
KRW-APT,2024-03-20,12:51:17,1710939077255,21960.0,46.39166361,23040.0,-1080.0,ASK,17109390772550000
KRW-APT,2024-03-20,12:51:17,1710939077235,21960.0,181.07741059,23040.0,-1080.0,ASK,17109390772350000
KRW-APT,2024-03-20,12:51:17,1710939077180,21960.0,0.21762889,23040.0,-1080.0,ASK,17109390771800008
KRW-APT,2024-03-20,12:51:17,1710939077180,21960.0,22.83255919,23040.0,-1080.0,ASK,17109390771800007
KRW-APT,2024-03-20,12:51:17,1710939077180,21960.0,6.97326138,23040.0,-1080.0,ASK,17109390771800006
KRW-APT,2024-03-20,12:51:17,1710939077180,21960.0,0.88903635,23040.0,-1080.0,ASK,17109390771800005
KRW-APT,2024-03-20,12:51:17,1710939077180,21960.0,0.69842239,23040.0,-1080.0,ASK,17109390771800004
KRW-APT,2024-03-20,12:51:17,1710939077180,21960.0,3.65542805,23040.0,-1080.0,ASK,17109390771800003
KRW-APT,2024-03-20,12:51:17,1710939077180,21960.0,5.9448224,23040.0,-1080.0,ASK,17109390771800002
KRW-APT,2024-03-20,12:51:17,1710939077180,21960.0,1.09289617,23040.0,-1080.0,ASK,17109390771800001
KRW-APT,2024-03-20,12:51:17,1710939077180,21960.0,63.42541996,23040.0,-1080.0,ASK,17109390771800000
KRW-APT,2024-03-20,12:51:17,1710939077159,21960.0,32.40527623,23040.0,-1080.0,ASK,17109390771590000
KRW-APT,2024-03-20,12:51:17,1710939077122,21960.0,78.47285828,23040.0,-1080.0,ASK,17109390771220000
KRW-APT,2024-03-20,12:51:17,1710939077110,21960.0,155.0,23040.0,-1080.0,ASK,17109390771100000
KRW-APT,2024-03-20,12:51:17,1710939077100,21960.0,281.06893502,23040.0,-1080.0,ASK,17109390771000000
KRW-APT,2024-03-20,12:51:16,1710939076774,21960.0,91.03322712,23040.0,-1080.0,ASK,17109390767740000
