market,trade_date_utc,trade_time_utc,timestamp,trade_price,trade_volume,prev_closing_price,change_price,ask_bid,sequential_id
KRW-TT,2024-03-19,15:11:22,1710861082404,7.855,739474.98791541,8.01,-0.155,ASK,17108610824040002
KRW-TT,2024-03-19,15:11:22,1710861082404,7.856,99977.88783815,8.01,-0.154,ASK,17108610824040001
KRW-TT,2024-03-19,15:11:22,1710861082404,7.856,1000.0,8.01,-0.154,ASK,17108610824040000
KRW-TT,2024-03-19,15:11:21,1710861081212,7.863,85605.03486131,8.01,-0.147,ASK,17108610812120000
KRW-TT,2024-03-19,15:11:21,1710861081018,7.863,42284.00240182,8.01,-0.147,ASK,17108610810180000
KRW-TT,2024-03-19,15:11:18,1710861078751,7.864,4228.69871307,8.01,-0.146,ASK,17108610787510000
KRW-TT,2024-03-19,15:11:13,1710861073143,7.864,38922.53848623,8.01,-0.146,ASK,17108610731430001
KRW-TT,2024-03-19,15:11:13,1710861073143,7.864,15007.76781071,8.01,-0.146,ASK,17108610731430000
KRW-TT,2024-03-19,15:11:04,1710861064623,7.864,112153.98193496,8.01,-0.146,ASK,17108610646230002
KRW-TT,2024-03-19,15:11:04,1710861064623,7.864,25264.77619532,8.01,-0.146,ASK,17108610646230001
KRW-TT,2024-03-19,15:11:04,1710861064623,7.864,54283.54988428,8.01,-0.146,ASK,17108610646230000
KRW-TT,2024-03-19,15:10:54,1710861054566,7.864,72814.65076107,8.01,-0.146,ASK,17108610545660001
KRW-TT,2024-03-19,15:10:54,1710861054566,7.864,187207.11874535,8.01,-0.146,ASK,17108610545660000
KRW-TT,2024-03-19,15:10:46,1710861046440,7.864,200295.46770303,8.01,-0.146,ASK,17108610464400001
KRW-TT,2024-03-19,15:10:46,1710861046440,7.864,63517.32577251,8.01,-0.146,ASK,17108610464400000
KRW-TT,2024-03-19,15:10:36,1710861036262,7.879,636.45621181,8.01,-0.131,BID,17108610362620000
KRW-TT,2024-03-19,15:09:55,1710860995446,7.856,30000.0,8.01,-0.154,ASK,17108609954460000
KRW-TT,2024-03-19,15:09:47,1710860987488,7.88,12690.35532994,8.01,-0.13,BID,17108609874880000
KRW-TT,2024-03-19,15:09:46,1710860986742,7.855,30196.8836816,8.01,-0.155,ASK,17108609867420000
KRW-TT,2024-03-19,15:09:40,1710860980034,7.855,317407.83856529,8.01,-0.155,ASK,17108609800340001
KRW-TT,2024-03-19,15:09:40,1710860980034,7.855,64326.03437301,8.01,-0.155,ASK,17108609800340000
KRW-TT,2024-03-19,15:09:22,1710860962215,7.854,1232.13405618,8.01,-0.156,ASK,17108609622150000
KRW-TT,2024-03-19,15:09:14,1710860954546,7.854,26088.12420574,8.01,-0.156,ASK,17108609545460000
KRW-TT,2024-03-19,15:08:51,1710860931226,7.881,31721.86270777,8.01,-0.129,BID,17108609312260000
KRW-TT,2024-03-19,15:08:33,1710860913658,7.852,37346.58922963,8.01,-0.158,ASK,17108609136580000
KRW-TT,2024-03-19,15:08:29,1710860909593,7.852,1203.47439651,8.01,-0.158,ASK,17108609095930003
KRW-TT,2024-03-19,15:08:29,1710860909593,7.854,1243.71224115,8.01,-0.156,ASK,17108609095930002
KRW-TT,2024-03-19,15:08:29,1710860909593,7.854,27473.91264897,8.01,-0.156,ASK,17108609095930001
KRW-TT,2024-03-19,15:08:29,1710860909593,7.873,13439.03213514,8.01,-0.137,ASK,17108609095930000
KRW-TT,2024-03-19,15:08:26,1710860906596,7.879,12672.66506146,8.01,-0.131,ASK,17108609065960001
KRW-TT,2024-03-19,15:08:26,1710860906596,7.879,518751.2726826,8.01,-0.131,ASK,17108609065960000
KRW-TT,2024-03-19,15:08:25,1710860905399,7.879,536261.92865882,8.01,-0.131,ASK,17108609053990000
KRW-TT,2024-03-19,15:08:25,1710860905295,7.879,444331.31231733,8.01,-0.131,ASK,17108609052950000
KRW-TT,2024-03-19,15:08:25,1710860905232,7.879,203519.35190072,8.01,-0.131,ASK,17108609052320000
KRW-TT,2024-03-19,15:08:25,1710860905191,7.879,907147.76154278,8.01,-0.131,ASK,17108609051910005
KRW-TT,2024-03-19,15:08:25,1710860905191,7.88,12690.35532994,8.01,-0.13,ASK,17108609051910004
KRW-TT,2024-03-19,15:08:25,1710860905191,7.88,63411.54090044,8.01,-0.13,ASK,17108609051910003
KRW-TT,2024-03-19,15:08:25,1710860905191,7.88,25380.71065989,8.01,-0.13,ASK,17108609051910002
KRW-TT,2024-03-19,15:08:25,1710860905191,7.88,159077.18729467,8.01,-0.13,ASK,17108609051910001
KRW-TT,2024-03-19,15:08:25,1710860905191,7.88,2087.72422059,8.01,-0.13,ASK,17108609051910000
KRW-TT,2024-03-19,15:08:24,1710860904377,7.88,891.94699286,8.01,-0.13,ASK,17108609043770000
KRW-TT,2024-03-19,15:08:23,1710860903380,7.881,96313.2040544,8.01,-0.129,ASK,17108609033800000
KRW-TT,2024-03-19,15:08:20,1710860900925,7.881,13966.63889431,8.01,-0.129,BID,17108609009250000
KRW-TT,2024-03-19,15:08:20,1710860900345,7.88,27289.33896069,8.01,-0.13,ASK,17108609003450000
KRW-TT,2024-03-19,15:08:18,1710860898207,7.881,45682.95996929,8.01,-0.129,ASK,17108608982070000
KRW-TT,2024-03-19,15:08:17,1710860897352,7.881,36288.9168825,8.01,-0.129,ASK,17108608973520000
KRW-TT,2024-03-19,15:08:08,1710860888644,7.881,59814.49729952,8.01,-0.129,ASK,17108608886440000
KRW-TT,2024-03-19,15:07:56,1710860876922,7.881,42036.19242354,8.01,-0.129,ASK,17108608769220000
KRW-TT,2024-03-19,15:07:50,1710860870658,7.88,6167.50955963,8.01,-0.13,ASK,17108608706580000
KRW-TT,2024-03-19,15:07:46,1710860866485,7.88,56519.2543779,8.01,-0.13,ASK,17108608664850003
KRW-TT,2024-03-19,15:07:46,1710860866485,7.88,126903.55329949,8.01,-0.13,ASK,17108608664850002
KRW-TT,2024-03-19,15:07:46,1710860866485,7.881,200000.0,8.01,-0.129,ASK,17108608664850001
KRW-TT,2024-03-19,15:07:46,1710860866485,7.881,30209.86651706,8.01,-0.129,ASK,17108608664850000
KRW-TT,2024-03-19,15:07:41,1710860861966,7.885,253646.16360177,8.01,-0.125,BID,17108608619660000
KRW-TT,2024-03-19,15:07:37,1710860857606,7.885,3170.57704502,8.01,-0.125,BID,17108608576060000
KRW-TT,2024-03-19,15:07:33,1710860853737,7.885,2536.46163601,8.01,-0.125,ASK,17108608537370002
KRW-TT,2024-03-19,15:07:33,1710860853737,7.885,18387.64703762,8.01,-0.125,ASK,17108608537370001
KRW-TT,2024-03-19,15:07:33,1710860853737,7.89,43216.02534854,8.01,-0.12,ASK,17108608537370000
KRW-TT,2024-03-19,15:07:27,1710860847914,7.891,12674.2712294,8.01,-0.119,BID,17108608479140000
KRW-TT,2024-03-19,15:07:20,1710860840210,7.885,9807.45133376,8.01,-0.125,ASK,17108608402100001
KRW-TT,2024-03-19,15:07:20,1710860840210,7.886,47950.6586,8.01,-0.124,ASK,17108608402100000
KRW-TT,2024-03-19,15:07:17,1710860837610,7.885,113354.2516,8.01,-0.125,BID,17108608376100004
KRW-TT,2024-03-19,15:07:17,1710860837610,7.885,76788.364,8.01,-0.125,BID,17108608376100003
KRW-TT,2024-03-19,15:07:17,1710860837610,7.885,240848.29121201,8.01,-0.125,BID,17108608376100002
KRW-TT,2024-03-19,15:07:17,1710860837610,7.885,155481.52687349,8.01,-0.125,BID,17108608376100001
KRW-TT,2024-03-19,15:07:17,1710860837610,7.885,37097.01052915,8.01,-0.125,BID,17108608376100000
KRW-TT,2024-03-19,15:07:15,1710860835564,7.885,3170.57704502,8.01,-0.125,BID,17108608355640000
KRW-TT,2024-03-19,15:07:13,1710860833996,7.88,13872.23153615,8.01,-0.13,BID,17108608339960004
KRW-TT,2024-03-19,15:07:13,1710860833996,7.88,2000.0,8.01,-0.13,BID,17108608339960003
KRW-TT,2024-03-19,15:07:13,1710860833996,7.88,103178.1955,8.01,-0.13,BID,17108608339960002
KRW-TT,2024-03-19,15:07:13,1710860833996,7.88,68860.306,8.01,-0.13,BID,17108608339960001
KRW-TT,2024-03-19,15:07:13,1710860833996,7.88,58308.10752457,8.01,-0.13,BID,17108608339960000
KRW-TT,2024-03-19,15:07:13,1710860833975,7.879,414785.99795171,8.01,-0.131,ASK,17108608339750000
KRW-TT,2024-03-19,15:07:13,1710860833638,7.879,205566.37185889,8.01,-0.131,ASK,17108608336380000
KRW-TT,2024-03-19,15:07:10,1710860830459,7.88,100000.0,8.01,-0.13,BID,17108608304590000
KRW-TT,2024-03-19,15:07:08,1710860828670,7.879,111326.82497133,8.01,-0.131,ASK,17108608286700000
KRW-TT,2024-03-19,15:07:06,1710860826996,7.879,637917.8361827,8.01,-0.131,ASK,17108608269960000
KRW-TT,2024-03-19,15:07:02,1710860822066,7.879,118449.45052352,8.01,-0.131,ASK,17108608220660000
KRW-TT,2024-03-19,15:07:01,1710860821186,7.879,26050.3426309,8.01,-0.131,ASK,17108608211860000
KRW-TT,2024-03-19,15:07:00,1710860820567,7.879,9802.09503858,8.01,-0.131,ASK,17108608205670000
KRW-TT,2024-03-19,15:07:00,1710860820500,7.879,46639.60831933,8.01,-0.131,ASK,17108608205000000
KRW-TT,2024-03-19,15:06:56,1710860816953,7.879,101918.8676,8.01,-0.131,ASK,17108608169530000
KRW-TT,2024-03-19,15:06:56,1710860816940,7.879,67666.7411243,8.01,-0.131,ASK,17108608169400000
KRW-TT,2024-03-19,15:06:56,1710860816855,7.879,65115.88962979,8.01,-0.131,BID,17108608168550001
KRW-TT,2024-03-19,15:06:56,1710860816855,7.878,377792.95932713,8.01,-0.132,BID,17108608168550000
KRW-TT,2024-03-19,15:06:48,1710860808545,7.879,39.47653419,8.01,-0.131,BID,17108608085450001
KRW-TT,2024-03-19,15:06:48,1710860808545,7.878,1229.5589988,8.01,-0.132,BID,17108608085450000
KRW-TT,2024-03-19,15:06:48,1710860808111,7.852,130527.44972943,8.01,-0.158,ASK,17108608081110003
KRW-TT,2024-03-19,15:06:48,1710860808111,7.853,167993.55320429,8.01,-0.157,ASK,17108608081110002
KRW-TT,2024-03-19,15:06:48,1710860808111,7.853,73947.59964344,8.01,-0.157,ASK,17108608081110001
KRW-TT,2024-03-19,15:06:48,1710860808111,7.875,635.04761905,8.01,-0.135,ASK,17108608081110000
KRW-TT,2024-03-19,15:06:23,1710860783275,7.88,634.64467005,8.01,-0.13,ASK,17108607832750000
KRW-TT,2024-03-19,15:06:19,1710860779405,7.883,35281.91935312,8.01,-0.127,ASK,17108607794050000
KRW-TT,2024-03-19,15:06:19,1710860779298,7.883,14879.5265009,8.01,-0.127,BID,17108607792980002
KRW-TT,2024-03-19,15:06:19,1710860779298,7.883,693.82481571,8.01,-0.127,BID,17108607792980001
KRW-TT,2024-03-19,15:06:19,1710860779298,7.883,73815.99765399,8.01,-0.127,BID,17108607792980000
KRW-TT,2024-03-19,15:06:06,1710860766470,7.883,634.40314601,8.01,-0.127,ASK,17108607664700000
KRW-TT,2024-03-19,15:05:41,1710860741363,7.885,124712.91304252,8.01,-0.125,BID,17108607413630000
KRW-TT,2024-03-19,15:05:33,1710860733994,7.885,54428.23050757,8.01,-0.125,BID,17108607339940001
KRW-TT,2024-03-19,15:05:33,1710860733994,7.884,72394.85129331,8.01,-0.126,BID,17108607339940000
KRW-TT,2024-03-19,15:05:15,1710860715909,7.885,1268.230818,8.01,-0.125,BID,17108607159090000
KRW-TT,2024-03-19,15:05:11,1710860711878,7.885,17852.06364992,8.01,-0.125,BID,17108607118780000
KRW-TT,2024-03-19,15:05:10,1710860710609,7.885,640.45656309,8.01,-0.125,BID,17108607106090000
KRW-TT,2024-03-19,15:05:09,1710860709355,7.849,116611.44962529,8.01,-0.161,ASK,17108607093550000
KRW-TT,2024-03-19,15:04:42,1710860682851,7.848,86617.81320021,8.01,-0.162,BID,17108606828510000
KRW-TT,2024-03-19,15:04:42,1710860682562,7.848,190559.18904046,8.01,-0.162,BID,17108606825620000
KRW-TT,2024-03-19,15:04:42,1710860682416,7.848,75866.03,8.01,-0.162,BID,17108606824160000
KRW-TT,2024-03-19,15:04:42,1710860682040,7.848,55218.7319,8.01,-0.162,BID,17108606820400000
KRW-TT,2024-03-19,15:04:41,1710860681818,7.848,81787.14127962,8.01,-0.162,BID,17108606818180000
KRW-TT,2024-03-19,15:04:41,1710860681455,7.848,79652.64840739,8.01,-0.162,BID,17108606814550000
KRW-TT,2024-03-19,15:04:41,1710860681317,7.848,35235.54226964,8.01,-0.162,ASK,17108606813170000
KRW-TT,2024-03-19,15:04:36,1710860676367,7.848,883513.79865622,8.01,-0.162,ASK,17108606763670000
KRW-TT,2024-03-19,15:04:20,1710860660745,7.888,69786.71080548,8.01,-0.122,BID,17108606607450001
KRW-TT,2024-03-19,15:04:20,1710860660745,7.888,30213.28919452,8.01,-0.122,BID,17108606607450000
KRW-TT,2024-03-19,15:04:15,1710860655392,7.844,47669.87052791,8.01,-0.166,ASK,17108606553920000
KRW-TT,2024-03-19,15:04:09,1710860649066,7.844,1981.25956145,8.01,-0.166,ASK,17108606490660000
KRW-TT,2024-03-19,15:03:54,1710860634444,7.892,236001.39319015,8.01,-0.118,BID,17108606344440006
KRW-TT,2024-03-19,15:03:54,1710860634444,7.888,16984.27809939,8.01,-0.122,BID,17108606344440005
KRW-TT,2024-03-19,15:03:54,1710860634444,7.869,38309.28361639,8.01,-0.141,BID,17108606344440004
KRW-TT,2024-03-19,15:03:54,1710860634444,7.865,308244.68455229,8.01,-0.145,BID,17108606344440003
KRW-TT,2024-03-19,15:03:54,1710860634444,7.863,2000.0,8.01,-0.147,BID,17108606344440002
KRW-TT,2024-03-19,15:03:54,1710860634444,7.863,56702.20004536,8.01,-0.147,BID,17108606344440001
KRW-TT,2024-03-19,15:03:54,1710860634444,7.848,105225.90637302,8.01,-0.162,BID,17108606344440000
KRW-TT,2024-03-19,15:03:52,1710860632894,7.848,5611.2601,8.01,-0.162,BID,17108606328940000
KRW-TT,2024-03-19,15:03:52,1710860632135,7.848,195625.12742099,8.01,-0.162,ASK,17108606321350002
KRW-TT,2024-03-19,15:03:52,1710860632135,7.848,84401.66284403,8.01,-0.162,ASK,17108606321350001
KRW-TT,2024-03-19,15:03:52,1710860632135,7.848,206712.61212038,8.01,-0.162,ASK,17108606321350000
KRW-TT,2024-03-19,15:03:44,1710860624407,7.848,69223.28427427,8.01,-0.162,ASK,17108606244070000
KRW-TT,2024-03-19,15:03:42,1710860622168,7.848,691008.76583081,8.01,-0.162,ASK,17108606221680001
KRW-TT,2024-03-19,15:03:42,1710860622168,7.848,155138.35827594,8.01,-0.162,ASK,17108606221680000
KRW-TT,2024-03-19,15:03:38,1710860618423,7.848,21800.53412997,8.01,-0.162,BID,17108606184230003
KRW-TT,2024-03-19,15:03:38,1710860618423,7.848,73675.6311,8.01,-0.162,BID,17108606184230002
KRW-TT,2024-03-19,15:03:38,1710860618423,7.848,88230.0538,8.01,-0.162,BID,17108606184230001
KRW-TT,2024-03-19,15:03:38,1710860618423,7.848,36006.47830797,8.01,-0.162,BID,17108606184230000
KRW-TT,2024-03-19,15:03:37,1710860617148,7.848,21454.38328236,8.01,-0.162,BID,17108606171480000
KRW-TT,2024-03-19,15:03:35,1710860615214,7.843,176751.83018388,8.01,-0.167,BID,17108606152140000
KRW-TT,2024-03-19,15:03:34,1710860614906,7.843,105473.09702919,8.01,-0.167,BID,17108606149060000
KRW-TT,2024-03-19,15:03:30,1710860610353,7.842,22708.00481217,8.01,-0.168,ASK,17108606103530000
KRW-TT,2024-03-19,15:03:29,1710860609631,7.843,21728.19090505,8.01,-0.167,ASK,17108606096310001
KRW-TT,2024-03-19,15:03:29,1710860609631,7.844,140636.31438041,8.01,-0.166,ASK,17108606096310000
KRW-TT,2024-03-19,15:03:20,1710860600140,7.848,891.94699286,8.01,-0.162,BID,17108606001400000
KRW-TT,2024-03-19,15:03:17,1710860597107,7.847,97156.71064887,8.01,-0.163,BID,17108605971070004
KRW-TT,2024-03-19,15:03:17,1710860597107,7.847,16025.39170219,8.01,-0.163,BID,17108605971070003
KRW-TT,2024-03-19,15:03:17,1710860597107,7.847,1793.20688632,8.01,-0.163,BID,17108605971070002
KRW-TT,2024-03-19,15:03:17,1710860597107,7.847,109320.1513,8.01,-0.163,BID,17108605971070001
KRW-TT,2024-03-19,15:03:17,1710860597107,7.847,55126.34864473,8.01,-0.163,BID,17108605971070000
KRW-TT,2024-03-19,15:03:06,1710860586903,7.847,1274.3723716,8.01,-0.163,BID,17108605869030000
KRW-TT,2024-03-19,15:02:54,1710860574801,7.847,3878.50778367,8.01,-0.163,BID,17108605748010001
KRW-TT,2024-03-19,15:02:54,1710860574801,7.847,88256.3264,8.01,-0.163,BID,17108605748010000
KRW-TT,2024-03-19,15:02:54,1710860574420,7.84,44737.07785393,8.01,-0.17,ASK,17108605744200000
KRW-TT,2024-03-19,15:02:44,1710860564198,7.84,33385.43391426,8.01,-0.17,ASK,17108605641980000
KRW-TT,2024-03-19,15:02:42,1710860562097,7.84,87930.28365104,8.01,-0.17,BID,17108605620970002
KRW-TT,2024-03-19,15:02:42,1710860562097,7.839,109416.6827,8.01,-0.171,BID,17108605620970001
KRW-TT,2024-03-19,15:02:42,1710860562097,7.839,73627.9792,8.01,-0.171,BID,17108605620970000
KRW-TT,2024-03-19,15:02:34,1710860554252,7.839,17240.96699757,8.01,-0.171,BID,17108605542520001
KRW-TT,2024-03-19,15:02:34,1710860554252,7.839,17113.54250619,8.01,-0.171,BID,17108605542520000
KRW-TT,2024-03-19,15:02:19,1710860539716,7.834,413632.67419445,8.01,-0.176,ASK,17108605397160000
KRW-TT,2024-03-19,15:02:19,1710860539551,7.834,54525.62704471,8.01,-0.176,ASK,17108605395510000
KRW-TT,2024-03-19,15:02:12,1710860532872,7.834,1807.59381543,8.01,-0.176,ASK,17108605328720000
KRW-TT,2024-03-19,15:02:11,1710860531785,7.839,53615.24909381,8.01,-0.171,BID,17108605317850001
KRW-TT,2024-03-19,15:02:11,1710860531785,7.839,48775.54054772,8.01,-0.171,BID,17108605317850000
KRW-TT,2024-03-19,15:02:08,1710860528610,7.834,1718916.22242294,8.01,-0.176,ASK,17108605286100000
KRW-TT,2024-03-19,15:02:08,1710860528098,7.834,2495.18607315,8.01,-0.176,ASK,17108605280980000
KRW-TT,2024-03-19,15:02:03,1710860523671,7.834,151009.34333647,8.01,-0.176,ASK,17108605236710000
KRW-TT,2024-03-19,15:01:58,1710860518796,7.833,13678.88774848,8.01,-0.177,ASK,17108605187960001
KRW-TT,2024-03-19,15:01:58,1710860518796,7.833,12371.45488241,8.01,-0.177,ASK,17108605187960000
KRW-TT,2024-03-19,15:01:58,1710860518195,7.833,76789.52967207,8.01,-0.177,ASK,17108605181950000
KRW-TT,2024-03-19,15:01:51,1710860511684,7.833,38504.02246709,8.01,-0.177,ASK,17108605116840000
KRW-TT,2024-03-19,15:01:46,1710860506266,7.832,50599.81278969,8.01,-0.178,ASK,17108605062660000
KRW-TT,2024-03-19,15:01:46,1710860506052,7.832,4020.1526685,8.01,-0.178,ASK,17108605060520000
KRW-TT,2024-03-19,15:01:42,1710860502672,7.829,1212.26815371,8.01,-0.181,ASK,17108605026720000
KRW-TT,2024-03-19,15:01:39,1710860499986,7.826,24058.35498592,8.01,-0.184,BID,17108604999860001
KRW-TT,2024-03-19,15:01:39,1710860499986,7.826,352522.3361875,8.01,-0.184,BID,17108604999860000
KRW-TT,2024-03-19,15:01:39,1710860499031,7.82,950655.71679954,8.01,-0.19,ASK,17108604990310001
KRW-TT,2024-03-19,15:01:39,1710860499031,7.82,9734.35223023,8.01,-0.19,ASK,17108604990310000
KRW-TT,2024-03-19,15:01:35,1710860495559,7.826,86457.52874204,8.01,-0.184,BID,17108604955590001
KRW-TT,2024-03-19,15:01:35,1710860495559,7.826,6348.2278481,8.01,-0.184,BID,17108604955590000
KRW-TT,2024-03-19,15:01:32,1710860492450,7.82,16042.78477671,8.01,-0.19,ASK,17108604924500005
KRW-TT,2024-03-19,15:01:32,1710860492450,7.82,23017.90281329,8.01,-0.19,ASK,17108604924500004
KRW-TT,2024-03-19,15:01:32,1710860492450,7.82,2000.0,8.01,-0.19,ASK,17108604924500003
KRW-TT,2024-03-19,15:01:32,1710860492450,7.82,26619.34143222,8.01,-0.19,ASK,17108604924500002
KRW-TT,2024-03-19,15:01:32,1710860492450,7.82,204223.72924286,8.01,-0.19,ASK,17108604924500001
KRW-TT,2024-03-19,15:01:32,1710860492450,7.825,60212.09954533,8.01,-0.185,ASK,17108604924500000
KRW-TT,2024-03-19,15:01:27,1710860487959,7.826,38309.28361639,8.01,-0.184,BID,17108604879590000
KRW-TT,2024-03-19,15:01:24,1710860484487,7.825,40592.27750219,8.01,-0.185,ASK,17108604844870000
KRW-TT,2024-03-19,15:01:23,1710860483958,7.825,894.91178726,8.01,-0.185,ASK,17108604839580000
KRW-TT,2024-03-19,15:01:22,1710860482143,7.825,56581.95393041,8.01,-0.185,ASK,17108604821430000
KRW-TT,2024-03-19,15:01:21,1710860481584,7.826,77224.8682712,8.01,-0.184,BID,17108604815840000
KRW-TT,2024-03-19,15:01:20,1710860480238,7.826,148292.96315297,8.01,-0.184,BID,17108604802380000
KRW-TT,2024-03-19,15:01:19,1710860479228,7.82,212416.92741091,8.01,-0.19,ASK,17108604792280010
KRW-TT,2024-03-19,15:01:19,1710860479228,7.821,144639.99300694,8.01,-0.189,ASK,17108604792280009
KRW-TT,2024-03-19,15:01:19,1710860479228,7.821,7983.45480117,8.01,-0.189,ASK,17108604792280008
KRW-TT,2024-03-19,15:01:19,1710860479228,7.821,127860.88735455,8.01,-0.189,ASK,17108604792280007
KRW-TT,2024-03-19,15:01:19,1710860479228,7.822,7183.78931219,8.01,-0.188,ASK,17108604792280006
KRW-TT,2024-03-19,15:01:19,1710860479228,7.823,6464.22088712,8.01,-0.187,ASK,17108604792280005
KRW-TT,2024-03-19,15:01:19,1710860479228,7.824,5222.37985685,8.01,-0.186,ASK,17108604792280004
KRW-TT,2024-03-19,15:01:19,1710860479228,7.824,5816.73057259,8.01,-0.186,ASK,17108604792280003
KRW-TT,2024-03-19,15:01:19,1710860479228,7.824,28681.97802939,8.01,-0.186,ASK,17108604792280002
KRW-TT,2024-03-19,15:01:19,1710860479228,7.825,4699.27156549,8.01,-0.185,ASK,17108604792280001
KRW-TT,2024-03-19,15:01:19,1710860479228,7.825,5234.09584664,8.01,-0.185,ASK,17108604792280000
KRW-TT,2024-03-19,15:01:18,1710860478281,7.826,750.0,8.01,-0.184,BID,17108604782810000
KRW-TT,2024-03-19,15:01:16,1710860476818,7.826,9759.72300112,8.01,-0.184,BID,17108604768180000
KRW-TT,2024-03-19,15:01:16,1710860476431,7.826,34227.21477544,8.01,-0.184,ASK,17108604764310000
KRW-TT,2024-03-19,15:01:14,1710860474419,7.826,29662.38399787,8.01,-0.184,ASK,17108604744190000
KRW-TT,2024-03-19,15:01:14,1710860474128,7.84,77164.03061224,8.01,-0.17,BID,17108604741280000
KRW-TT,2024-03-19,15:01:09,1710860469299,7.839,708.63630565,8.01,-0.171,ASK,17108604692990000
KRW-TT,2024-03-19,15:01:07,1710860467082,7.84,2000.0,8.01,-0.17,ASK,17108604670820002
KRW-TT,2024-03-19,15:01:07,1710860467082,7.842,10139.82199106,8.01,-0.168,ASK,17108604670820001
KRW-TT,2024-03-19,15:01:07,1710860467082,7.844,7424.44442045,8.01,-0.166,ASK,17108604670820000
KRW-TT,2024-03-19,15:01:06,1710860466246,7.842,244897.15837109,8.01,-0.168,ASK,17108604662460002
KRW-TT,2024-03-19,15:01:06,1710860466246,7.842,22296.83116551,8.01,-0.168,ASK,17108604662460001
KRW-TT,2024-03-19,15:01:06,1710860466246,7.843,12848.45829671,8.01,-0.167,ASK,17108604662460000
KRW-TT,2024-03-19,15:01:06,1710860466144,7.843,27894.42814326,8.01,-0.167,ASK,17108604661440002
KRW-TT,2024-03-19,15:01:06,1710860466144,7.844,301947.19060663,8.01,-0.166,ASK,17108604661440001
KRW-TT,2024-03-19,15:01:06,1710860466144,7.844,252037.14269443,8.01,-0.166,ASK,17108604661440000
KRW-TT,2024-03-19,15:01:06,1710860466034,7.844,290182.26982437,8.01,-0.166,ASK,17108604660340000
KRW-TT,2024-03-19,15:01:05,1710860465985,7.844,732640.352907,8.01,-0.166,ASK,17108604659850001
KRW-TT,2024-03-19,15:01:05,1710860465985,7.844,30335.80099292,8.01,-0.166,ASK,17108604659850000
KRW-TT,2024-03-19,15:01:04,1710860464418,7.846,12658.2278481,8.01,-0.164,ASK,17108604644180003
KRW-TT,2024-03-19,15:01:04,1710860464418,7.846,12745.34794799,8.01,-0.164,ASK,17108604644180002
KRW-TT,2024-03-19,15:01:04,1710860464418,7.846,25503.69803621,8.01,-0.164,ASK,17108604644180001
KRW-TT,2024-03-19,15:01:04,1710860464418,7.846,5100.73960724,8.01,-0.164,ASK,17108604644180000
KRW-TT,2024-03-19,15:01:00,1710860460287,7.847,2134402.65976352,8.01,-0.163,ASK,17108604602870010
KRW-TT,2024-03-19,15:01:00,1710860460287,7.848,422412.77424488,8.01,-0.162,ASK,17108604602870009
KRW-TT,2024-03-19,15:01:00,1710860460287,7.848,9161.30901229,8.01,-0.162,ASK,17108604602870008
KRW-TT,2024-03-19,15:01:00,1710860460287,7.848,13941.69835234,8.01,-0.162,ASK,17108604602870007
KRW-TT,2024-03-19,15:01:00,1710860460287,7.849,8244.12763608,8.01,-0.161,ASK,17108604602870006
KRW-TT,2024-03-19,15:01:00,1710860460287,7.849,1089560.0740845,8.01,-0.161,ASK,17108604602870005
KRW-TT,2024-03-19,15:01:00,1710860460287,7.849,47938.6317,8.01,-0.161,ASK,17108604602870004
KRW-TT,2024-03-19,15:01:00,1710860460287,7.85,8462.22929936,8.01,-0.16,ASK,17108604602870003
KRW-TT,2024-03-19,15:01:00,1710860460287,7.851,20272.57674181,8.01,-0.159,ASK,17108604602870002
KRW-TT,2024-03-19,15:01:00,1710860460287,7.865,12760.64945026,8.01,-0.145,ASK,17108604602870001
KRW-TT,2024-03-19,15:01:00,1710860460287,7.865,20216.33811193,8.01,-0.145,ASK,17108604602870000
KRW-TT,2024-03-19,15:00:58,1710860458796,7.868,30501.21297502,8.01,-0.142,ASK,17108604587960000
KRW-TT,2024-03-19,15:00:58,1710860458162,7.868,91512.00512085,8.01,-0.142,ASK,17108604581620003
KRW-TT,2024-03-19,15:00:58,1710860458162,7.868,39152.51321975,8.01,-0.142,ASK,17108604581620002
KRW-TT,2024-03-19,15:00:58,1710860458162,7.868,12709.7102186,8.01,-0.142,ASK,17108604581620001
KRW-TT,2024-03-19,15:00:58,1710860458162,7.868,112268.20665988,8.01,-0.142,ASK,17108604581620000
KRW-TT,2024-03-19,15:00:50,1710860450136,7.873,12214.99994224,8.01,-0.137,BID,17108604501360000
KRW-TT,2024-03-19,15:00:50,1710860450010,7.873,12677.48478701,8.01,-0.137,ASK,17108604500100000
KRW-TT,2024-03-19,15:00:49,1710860449498,7.874,2946.81279252,8.01,-0.136,BID,17108604494980001
KRW-TT,2024-03-19,15:00:49,1710860449498,7.874,52662.37567585,8.01,-0.136,BID,17108604494980000
KRW-TT,2024-03-19,15:00:47,1710860447261,7.874,17362.07772415,8.01,-0.136,BID,17108604472610000
KRW-TT,2024-03-19,15:00:41,1710860441410,7.875,1110.61501557,8.01,-0.135,BID,17108604414100001
KRW-TT,2024-03-19,15:00:41,1710860441410,7.874,1429.06752411,8.01,-0.136,BID,17108604414100000
KRW-TT,2024-03-19,15:00:25,1710860425785,7.875,634.92063492,8.01,-0.135,BID,17108604257850000
KRW-TT,2024-03-19,15:00:09,1710860409849,7.875,26463.59360002,8.01,-0.135,ASK,17108604098490000
KRW-TT,2024-03-19,15:00:08,1710860408643,7.875,342000.0,8.01,-0.135,ASK,17108604086430000
KRW-TT,2024-03-19,15:00:08,1710860408350,7.875,100000.0,8.01,-0.135,ASK,17108604083500000
KRW-TT,2024-03-19,15:00:02,1710860402644,7.875,15819.00779824,8.01,-0.135,ASK,17108604026440000
KRW-TT,2024-03-19,15:00:00,1710860400449,7.875,39860.01212208,8.01,-0.135,BID,17108604004490000
KRW-TT,2024-03-19,14:59:58,1710860398029,7.875,2000.0,8.01,-0.135,BID,17108603980290000
KRW-TT,2024-03-19,14:59:57,1710860397638,7.875,19728.5079365,8.01,-0.135,BID,17108603976380000
KRW-TT,2024-03-19,14:59:52,1710860392874,7.875,12677.48478701,8.01,-0.135,ASK,17108603928740001
KRW-TT,2024-03-19,14:59:52,1710860392874,7.875,9579.08347413,8.01,-0.135,ASK,17108603928740000
KRW-TT,2024-03-19,14:59:42,1710860382340,7.888,88742.39350912,8.01,-0.122,BID,17108603823400000
KRW-TT,2024-03-19,14:59:41,1710860381527,7.888,2000.0,8.01,-0.122,BID,17108603815270000
KRW-TT,2024-03-19,14:59:33,1710860373010,7.888,145823.02413186,8.01,-0.122,BID,17108603730100001
KRW-TT,2024-03-19,14:59:33,1710860373010,7.868,65881.67077375,8.01,-0.142,BID,17108603730100000
KRW-TT,2024-03-19,14:59:32,1710860372685,7.868,63563.61209964,8.01,-0.142,ASK,17108603726850002
KRW-TT,2024-03-19,14:59:32,1710860372685,7.868,12709.7102186,8.01,-0.142,ASK,17108603726850001
KRW-TT,2024-03-19,14:59:32,1710860372685,7.868,289230.60455257,8.01,-0.142,ASK,17108603726850000
KRW-TT,2024-03-19,14:59:28,1710860368125,7.868,125555.39339914,8.01,-0.142,ASK,17108603681250001
KRW-TT,2024-03-19,14:59:28,1710860368125,7.868,28300.3922697,8.01,-0.142,ASK,17108603681250000
KRW-TT,2024-03-19,14:59:23,1710860363470,7.868,7550.08998536,8.01,-0.142,BID,17108603634700001
KRW-TT,2024-03-19,14:59:23,1710860363470,7.868,2278.64840076,8.01,-0.142,BID,17108603634700000
KRW-TT,2024-03-19,14:59:11,1710860351137,7.868,20188.43145788,8.01,-0.142,ASK,17108603511370000
KRW-TT,2024-03-19,14:59:08,1710860348146,7.889,1838.00228165,8.01,-0.121,BID,17108603481460000
KRW-TT,2024-03-19,14:59:03,1710860343778,7.89,3116.97037542,8.01,-0.12,ASK,17108603437780000
KRW-TT,2024-03-19,14:59:00,1710860340093,7.89,75451.7338,8.01,-0.12,BID,17108603400930003
KRW-TT,2024-03-19,14:59:00,1710860340093,7.89,111381.1309,8.01,-0.12,BID,17108603400930002
KRW-TT,2024-03-19,14:59:00,1710860340093,7.89,11421.3198,8.01,-0.12,BID,17108603400930001
KRW-TT,2024-03-19,14:59:00,1710860340093,7.89,45430.79269325,8.01,-0.12,BID,17108603400930000
KRW-TT,2024-03-19,14:58:57,1710860337939,7.878,190213.34724869,8.01,-0.132,ASK,17108603379390001
KRW-TT,2024-03-19,14:58:57,1710860337939,7.878,16129.20471317,8.01,-0.132,ASK,17108603379390000
KRW-TT,2024-03-19,14:58:56,1710860336687,7.89,6348.2278481,8.01,-0.12,BID,17108603366870000
KRW-TT,2024-03-19,14:58:56,1710860336361,7.878,4053.7732,8.01,-0.132,ASK,17108603363610000
KRW-TT,2024-03-19,14:58:56,1710860336331,7.89,12658.2278481,8.01,-0.12,BID,17108603363310000
KRW-TT,2024-03-19,14:58:44,1710860324717,7.9,6465.94936708,8.01,-0.11,BID,17108603247170000
KRW-TT,2024-03-19,14:58:27,1710860307100,7.842,310582.05148049,8.01,-0.168,ASK,17108603071000001
KRW-TT,2024-03-19,14:58:27,1710860307100,7.86,70903.19775653,8.01,-0.15,ASK,17108603071000000
KRW-TT,2024-03-19,14:58:26,1710860306946,7.93,5964.85738552,8.01,-0.08,BID,17108603069460010
KRW-TT,2024-03-19,14:58:26,1710860306946,7.93,5047.6113513,8.01,-0.08,BID,17108603069460009
KRW-TT,2024-03-19,14:58:26,1710860306946,7.93,174678.69888912,8.01,-0.08,BID,17108603069460008
KRW-TT,2024-03-19,14:58:26,1710860306946,7.92,2000.0,8.01,-0.09,BID,17108603069460007
KRW-TT,2024-03-19,14:58:26,1710860306946,7.919,299386.71382871,8.01,-0.091,BID,17108603069460006
KRW-TT,2024-03-19,14:58:26,1710860306946,7.919,94980.87293688,8.01,-0.091,BID,17108603069460005
KRW-TT,2024-03-19,14:58:26,1710860306946,7.91,1023.86810399,8.01,-0.1,BID,17108603069460004
KRW-TT,2024-03-19,14:58:26,1710860306946,7.91,175923.14509973,8.01,-0.1,BID,17108603069460003
KRW-TT,2024-03-19,14:58:26,1710860306946,7.909,123708.128,8.01,-0.101,BID,17108603069460002
KRW-TT,2024-03-19,14:58:26,1710860306946,7.909,83802.2803,8.01,-0.101,BID,17108603069460001
KRW-TT,2024-03-19,14:58:26,1710860306946,7.909,296849.33966916,8.01,-0.101,BID,17108603069460000
KRW-TT,2024-03-19,14:58:22,1710860302461,7.909,27623.93440017,8.01,-0.101,BID,17108603024610014
KRW-TT,2024-03-19,14:58:22,1710860302461,7.903,292062.61784169,8.01,-0.107,BID,17108603024610013
KRW-TT,2024-03-19,14:58:22,1710860302461,7.9,50000.0,8.01,-0.11,BID,17108603024610012
KRW-TT,2024-03-19,14:58:22,1710860302461,7.9,2000.0,8.01,-0.11,BID,17108603024610011
KRW-TT,2024-03-19,14:58:22,1710860302461,7.898,25322.8665485,8.01,-0.112,BID,17108603024610010
KRW-TT,2024-03-19,14:58:22,1710860302461,7.897,4818.64559439,8.01,-0.113,BID,17108603024610009
KRW-TT,2024-03-19,14:58:22,1710860302461,7.892,103592.89963825,8.01,-0.118,BID,17108603024610008
KRW-TT,2024-03-19,14:58:22,1710860302461,7.88,2000.0,8.01,-0.13,BID,17108603024610007
KRW-TT,2024-03-19,14:58:22,1710860302461,7.868,24230.67603586,8.01,-0.142,BID,17108603024610006
KRW-TT,2024-03-19,14:58:22,1710860302461,7.865,88972.0765,8.01,-0.145,BID,17108603024610005
KRW-TT,2024-03-19,14:58:22,1710860302461,7.865,131339.732,8.01,-0.145,BID,17108603024610004
KRW-TT,2024-03-19,14:58:22,1710860302461,7.865,291630.23051212,8.01,-0.145,BID,17108603024610003
KRW-TT,2024-03-19,14:58:22,1710860302461,7.865,94140.20258553,8.01,-0.145,BID,17108603024610002
KRW-TT,2024-03-19,14:58:22,1710860302461,7.864,21800.53412996,8.01,-0.146,BID,17108603024610001
KRW-TT,2024-03-19,14:58:22,1710860302461,7.864,109646.52037239,8.01,-0.146,BID,17108603024610000
KRW-TT,2024-03-19,14:58:18,1710860298125,7.841,10595.72929459,8.01,-0.169,ASK,17108602981250001
KRW-TT,2024-03-19,14:58:18,1710860298125,7.842,708.63630565,8.01,-0.168,ASK,17108602981250000
KRW-TT,2024-03-19,14:58:13,1710860293632,7.841,519304.13922531,8.01,-0.169,ASK,17108602936320001
KRW-TT,2024-03-19,14:58:13,1710860293632,7.842,708.63630565,8.01,-0.168,ASK,17108602936320000
KRW-TT,2024-03-19,14:58:04,1710860284169,7.841,8991.78011116,8.01,-0.169,ASK,17108602841690000
KRW-TT,2024-03-19,14:58:03,1710860283906,7.841,15312.08001278,8.01,-0.169,ASK,17108602839060000
KRW-TT,2024-03-19,14:58:00,1710860280571,7.841,2000.0,8.01,-0.169,ASK,17108602805710000
KRW-TT,2024-03-19,14:57:53,1710860273628,7.84,2000.0,8.01,-0.17,ASK,17108602736280000
KRW-TT,2024-03-19,14:57:44,1710860264061,7.864,1271.61749745,8.01,-0.146,BID,17108602640610000
KRW-TT,2024-03-19,14:57:43,1710860263168,7.839,15819.00779824,8.01,-0.171,BID,17108602631680000
KRW-TT,2024-03-19,14:57:41,1710860261683,7.839,29928.49989892,8.01,-0.171,ASK,17108602616830000
KRW-TT,2024-03-19,14:57:37,1710860257470,7.839,44560.56120581,8.01,-0.171,BID,17108602574700000
KRW-TT,2024-03-19,14:57:31,1710860251321,7.839,4018.78407651,8.01,-0.171,BID,17108602513210000
KRW-TT,2024-03-19,14:57:30,1710860250177,7.839,28086.71139493,8.01,-0.171,BID,17108602501770001
KRW-TT,2024-03-19,14:57:30,1710860250177,7.838,48579.34528232,8.01,-0.172,BID,17108602501770000
KRW-TT,2024-03-19,14:57:30,1710860250114,7.838,76666.05667725,8.01,-0.172,BID,17108602501140000
KRW-TT,2024-03-19,14:57:30,1710860250018,7.838,145613.34088985,8.01,-0.172,BID,17108602500180000
KRW-TT,2024-03-19,14:57:29,1710860249915,7.838,201911.45863682,8.01,-0.172,BID,17108602499150000
KRW-TT,2024-03-19,14:57:29,1710860249825,7.838,347524.79952667,8.01,-0.172,BID,17108602498250000
KRW-TT,2024-03-19,14:57:29,1710860249744,7.838,549436.25816349,8.01,-0.172,BID,17108602497440000
KRW-TT,2024-03-19,14:57:29,1710860249651,7.838,60436.20348644,8.01,-0.172,BID,17108602496510002
KRW-TT,2024-03-19,14:57:29,1710860249651,7.838,6927.62893208,8.01,-0.172,BID,17108602496510001
KRW-TT,2024-03-19,14:57:29,1710860249651,7.837,128463.82329231,8.01,-0.173,BID,17108602496510000
KRW-TT,2024-03-19,14:57:29,1710860249574,7.834,11934.11938617,8.01,-0.176,BID,17108602495740001
KRW-TT,2024-03-19,14:57:29,1710860249574,7.834,2425162.95516583,8.01,-0.176,BID,17108602495740000
KRW-TT,2024-03-19,14:57:28,1710860248110,7.834,1914.73066122,8.01,-0.176,BID,17108602481100000
KRW-TT,2024-03-19,14:57:27,1710860247216,7.822,20587.77084098,8.01,-0.188,BID,17108602472160001
KRW-TT,2024-03-19,14:57:27,1710860247216,7.822,121874.37295903,8.01,-0.188,BID,17108602472160000
KRW-TT,2024-03-19,14:57:25,1710860245989,7.822,894.91178726,8.01,-0.188,BID,17108602459890000
KRW-TT,2024-03-19,14:57:24,1710860244998,7.822,8843.1731015,8.01,-0.188,BID,17108602449980000
KRW-TT,2024-03-19,14:57:23,1710860243942,7.82,35968.51850538,8.01,-0.19,ASK,17108602439420003
KRW-TT,2024-03-19,14:57:23,1710860243942,7.82,8922.97953964,8.01,-0.19,ASK,17108602439420002
KRW-TT,2024-03-19,14:57:23,1710860243942,7.82,1929.28388746,8.01,-0.19,ASK,17108602439420001
KRW-TT,2024-03-19,14:57:23,1710860243942,7.82,118403.84835818,8.01,-0.19,ASK,17108602439420000
KRW-TT,2024-03-19,14:57:20,1710860240912,7.82,10806.03908994,8.01,-0.19,ASK,17108602409120000
KRW-TT,2024-03-19,14:57:13,1710860233203,7.822,206530.27733691,8.01,-0.188,BID,17108602332030000
KRW-TT,2024-03-19,14:57:08,1710860228512,7.82,126544.5882552,8.01,-0.19,ASK,17108602285120002
KRW-TT,2024-03-19,14:57:08,1710860228512,7.82,2000.0,8.01,-0.19,ASK,17108602285120001
KRW-TT,2024-03-19,14:57:08,1710860228512,7.821,1929.03720751,8.01,-0.189,ASK,17108602285120000
KRW-TT,2024-03-19,14:57:08,1710860228350,7.822,10912.50958343,8.01,-0.188,BID,17108602283500000
KRW-TT,2024-03-19,14:57:07,1710860227763,7.822,641.77959601,8.01,-0.188,ASK,17108602277630001
KRW-TT,2024-03-19,14:57:07,1710860227763,7.822,3201.77703912,8.01,-0.188,ASK,17108602277630000
KRW-TT,2024-03-19,14:57:04,1710860224019,7.825,30000.0,8.01,-0.185,ASK,17108602240190004
KRW-TT,2024-03-19,14:57:04,1710860224019,7.825,1928.05111821,8.01,-0.185,ASK,17108602240190003
KRW-TT,2024-03-19,14:57:04,1710860224019,7.826,2879.96422182,8.01,-0.184,ASK,17108602240190002
KRW-TT,2024-03-19,14:57:04,1710860224019,7.826,66762.96958855,8.01,-0.184,ASK,17108602240190001
KRW-TT,2024-03-19,14:57:04,1710860224019,7.828,379872.20156269,8.01,-0.182,ASK,17108602240190000
KRW-TT,2024-03-19,14:57:03,1710860223956,7.828,91608.20539785,8.01,-0.182,ASK,17108602239560002
KRW-TT,2024-03-19,14:57:03,1710860223956,7.828,1215.58573423,8.01,-0.182,ASK,17108602239560001
KRW-TT,2024-03-19,14:57:03,1710860223956,7.83,88994.3906861,8.01,-0.18,ASK,17108602239560000
KRW-TT,2024-03-19,14:57:03,1710860223945,7.83,174818.40278944,8.01,-0.18,ASK,17108602239450003
KRW-TT,2024-03-19,14:57:03,1710860223945,7.83,2590.51085568,8.01,-0.18,ASK,17108602239450002
KRW-TT,2024-03-19,14:57:03,1710860223945,7.832,8017.92645556,8.01,-0.178,ASK,17108602239450001
KRW-TT,2024-03-19,14:57:03,1710860223945,7.832,80976.46423054,8.01,-0.178,ASK,17108602239450000
KRW-TT,2024-03-19,14:57:03,1710860223852,7.832,177988.78137219,8.01,-0.178,ASK,17108602238520000
KRW-TT,2024-03-19,14:57:03,1710860223760,7.832,88994.3906861,8.01,-0.178,ASK,17108602237600000
KRW-TT,2024-03-19,14:57:03,1710860223683,7.832,223348.97239355,8.01,-0.178,ASK,17108602236830001
KRW-TT,2024-03-19,14:57:03,1710860223683,7.833,30000.0,8.01,-0.177,ASK,17108602236830000
KRW-TT,2024-03-19,14:57:03,1710860223351,7.832,895809.02895675,8.01,-0.178,ASK,17108602233510000
KRW-TT,2024-03-19,14:57:01,1710860221446,7.832,23544.67248372,8.01,-0.178,ASK,17108602214460000
KRW-TT,2024-03-19,14:56:59,1710860219026,7.832,270778.34340125,8.01,-0.178,ASK,17108602190260004
KRW-TT,2024-03-19,14:56:59,1710860219026,7.832,1215.58573423,8.01,-0.178,ASK,17108602190260003
KRW-TT,2024-03-19,14:56:59,1710860219026,7.834,16203.43375031,8.01,-0.176,ASK,17108602190260002
KRW-TT,2024-03-19,14:56:59,1710860219026,7.834,696.61365385,8.01,-0.176,ASK,17108602190260001
KRW-TT,2024-03-19,14:56:59,1710860219026,7.834,556134.41409241,8.01,-0.176,ASK,17108602190260000
KRW-TT,2024-03-19,14:56:57,1710860217716,7.835,120668.95716149,8.01,-0.175,ASK,17108602177160001
KRW-TT,2024-03-19,14:56:57,1710860217716,7.835,87407.17455925,8.01,-0.175,ASK,17108602177160000
KRW-TT,2024-03-19,14:56:56,1710860216739,7.838,37851.005,8.01,-0.172,BID,17108602167390000
KRW-TT,2024-03-19,14:56:56,1710860216595,7.835,12399.25604463,8.01,-0.175,ASK,17108602165950000
KRW-TT,2024-03-19,14:56:56,1710860216447,7.835,325919.41496089,8.01,-0.175,ASK,17108602164470003
KRW-TT,2024-03-19,14:56:56,1710860216447,7.835,14580.40842373,8.01,-0.175,ASK,17108602164470002
KRW-TT,2024-03-19,14:56:56,1710860216447,7.837,11805.80579303,8.01,-0.173,ASK,17108602164470001
KRW-TT,2024-03-19,14:56:56,1710860216447,7.837,12633.15360782,8.01,-0.173,ASK,17108602164470000
KRW-TT,2024-03-19,14:56:51,1710860211770,7.837,51158.63001045,8.01,-0.173,ASK,17108602117700000
KRW-TT,2024-03-19,14:56:50,1710860210497,7.838,25516.7134473,8.01,-0.172,BID,17108602104970000
KRW-TT,2024-03-19,14:56:50,1710860210221,7.838,1106.2771115,8.01,-0.172,BID,17108602102210000
KRW-TT,2024-03-19,14:56:46,1710860206802,7.838,13116.62413881,8.01,-0.172,ASK,17108602068020005
KRW-TT,2024-03-19,14:56:46,1710860206802,7.838,100000.0,8.01,-0.172,ASK,17108602068020004
KRW-TT,2024-03-19,14:56:46,1710860206802,7.838,34168.42229561,8.01,-0.172,ASK,17108602068020003
KRW-TT,2024-03-19,14:56:46,1710860206802,7.838,47827.63460066,8.01,-0.172,ASK,17108602068020002
KRW-TT,2024-03-19,14:56:46,1710860206802,7.838,1275.83567236,8.01,-0.172,ASK,17108602068020001
KRW-TT,2024-03-19,14:56:46,1710860206802,7.838,21837.89302615,8.01,-0.172,ASK,17108602068020000
KRW-TT,2024-03-19,14:56:46,1710860206354,7.839,7799.01773185,8.01,-0.171,ASK,17108602063540000
KRW-TT,2024-03-19,14:56:33,1710860193331,7.838,886.97415103,8.01,-0.172,ASK,17108601933310000
KRW-TT,2024-03-19,14:56:33,1710860193296,7.838,27454.80334382,8.01,-0.172,ASK,17108601932960000
KRW-TT,2024-03-19,14:56:32,1710860192150,7.84,108956.82948603,8.01,-0.17,BID,17108601921500000
KRW-TT,2024-03-19,14:56:29,1710860189239,7.838,41277.33381684,8.01,-0.172,ASK,17108601892390004
KRW-TT,2024-03-19,14:56:29,1710860189239,7.839,63775.51020408,8.01,-0.171,ASK,17108601892390003
KRW-TT,2024-03-19,14:56:29,1710860189239,7.839,110421.5141626,8.01,-0.171,ASK,17108601892390002
KRW-TT,2024-03-19,14:56:29,1710860189239,7.84,10000.0,8.01,-0.17,ASK,17108601892390001
KRW-TT,2024-03-19,14:56:29,1710860189239,7.84,501399.77169874,8.01,-0.17,ASK,17108601892390000
KRW-TT,2024-03-19,14:56:28,1710860188929,7.841,33427.36895804,8.01,-0.169,BID,17108601889290000
KRW-TT,2024-03-19,14:56:28,1710860188007,7.84,30749.94131146,8.01,-0.17,ASK,17108601880070001
KRW-TT,2024-03-19,14:56:28,1710860188007,7.84,713.302,8.01,-0.17,ASK,17108601880070000
KRW-TT,2024-03-19,14:56:26,1710860186087,7.841,107384.77209552,8.01,-0.169,ASK,17108601860870001
KRW-TT,2024-03-19,14:56:26,1710860186087,7.841,9151.86110311,8.01,-0.169,ASK,17108601860870000
KRW-TT,2024-03-19,14:56:25,1710860185826,7.865,1271.45581691,8.01,-0.145,BID,17108601858260000
KRW-TT,2024-03-19,14:56:22,1710860182068,7.841,1702.67846806,8.01,-0.169,BID,17108601820680000
KRW-TT,2024-03-19,14:56:21,1710860181790,7.841,28584.68733017,8.01,-0.169,BID,17108601817900001
KRW-TT,2024-03-19,14:56:21,1710860181790,7.841,152895.55753655,8.01,-0.169,BID,17108601817900000
KRW-TT,2024-03-19,14:56:19,1710860179504,7.841,48097.6107,8.01,-0.169,BID,17108601795040000
KRW-TT,2024-03-19,14:56:16,1710860176186,7.841,31940.49230474,8.01,-0.169,BID,17108601761860000
KRW-TT,2024-03-19,14:56:15,1710860175412,7.841,398994.86672618,8.01,-0.169,BID,17108601754120000
KRW-TT,2024-03-19,14:56:12,1710860172123,7.841,315537.71202652,8.01,-0.169,BID,17108601721230000
KRW-TT,2024-03-19,14:56:07,1710860167685,7.841,30000.0,8.01,-0.169,BID,17108601676850000
KRW-TT,2024-03-19,14:56:06,1710860166775,7.839,734165.69732226,8.01,-0.171,ASK,17108601667750001
KRW-TT,2024-03-19,14:56:06,1710860166775,7.84,112761.85254554,8.01,-0.17,ASK,17108601667750000
KRW-TT,2024-03-19,14:56:04,1710860164943,7.841,25743.84526189,8.01,-0.169,BID,17108601649430000
KRW-TT,2024-03-19,14:56:04,1710860164851,7.84,406078.70867894,8.01,-0.17,BID,17108601648510000
KRW-TT,2024-03-19,14:55:59,1710860159523,7.839,115802.85754491,8.01,-0.171,ASK,17108601595230002
KRW-TT,2024-03-19,14:55:59,1710860159523,7.839,35860.18624824,8.01,-0.171,ASK,17108601595230001
KRW-TT,2024-03-19,14:55:59,1710860159523,7.839,17312.54543405,8.01,-0.171,ASK,17108601595230000
KRW-TT,2024-03-19,14:55:57,1710860157832,7.84,5090.31198686,8.01,-0.17,BID,17108601578320000
KRW-TT,2024-03-19,14:55:56,1710860156900,7.84,76942.99988565,8.01,-0.17,BID,17108601569000001
KRW-TT,2024-03-19,14:55:56,1710860156900,7.84,38361.31133883,8.01,-0.17,BID,17108601569000000
KRW-TT,2024-03-19,14:55:54,1710860154291,7.84,20330.65100103,8.01,-0.17,BID,17108601542910000
KRW-TT,2024-03-19,14:55:51,1710860151151,7.84,127551.02040816,8.01,-0.17,BID,17108601511510000
KRW-TT,2024-03-19,14:55:50,1710860150711,7.839,2687.45456595,8.01,-0.171,ASK,17108601507110000
KRW-TT,2024-03-19,14:55:47,1710860147133,7.84,401363.99172673,8.01,-0.17,ASK,17108601471330000
KRW-TT,2024-03-19,14:55:47,1710860147081,7.84,597331.55114691,8.01,-0.17,ASK,17108601470810000
KRW-TT,2024-03-19,14:55:43,1710860143722,7.84,1304.45712636,8.01,-0.17,ASK,17108601437220002
KRW-TT,2024-03-19,14:55:43,1710860143722,7.84,110918.13786984,8.01,-0.17,ASK,17108601437220001
KRW-TT,2024-03-19,14:55:43,1710860143722,7.84,30000.0,8.01,-0.17,ASK,17108601437220000
KRW-TT,2024-03-19,14:55:41,1710860141260,7.841,288260.04336181,8.01,-0.169,ASK,17108601412600001
KRW-TT,2024-03-19,14:55:41,1710860141260,7.841,30000.0,8.01,-0.169,ASK,17108601412600000
KRW-TT,2024-03-19,14:55:37,1710860137740,7.867,73200.27247336,8.01,-0.143,ASK,17108601377400000
KRW-TT,2024-03-19,14:55:37,1710860137637,7.867,51466.8969291,8.01,-0.143,BID,17108601376370000
KRW-TT,2024-03-19,14:55:04,1710860104775,7.838,41380.75943905,8.01,-0.172,ASK,17108601047750000
KRW-TT,2024-03-19,14:54:59,1710860099690,7.838,34202.61845587,8.01,-0.172,ASK,17108600996900000
KRW-TT,2024-03-19,14:54:53,1710860093968,7.838,3385.14985454,8.01,-0.172,ASK,17108600939680000
KRW-TT,2024-03-19,14:54:53,1710860093233,7.838,551061.19722378,8.01,-0.172,ASK,17108600932330002
KRW-TT,2024-03-19,14:54:53,1710860093233,7.839,63783.64587319,8.01,-0.171,ASK,17108600932330001
KRW-TT,2024-03-19,14:54:53,1710860093233,7.84,30000.0,8.01,-0.17,ASK,17108600932330000
KRW-TT,2024-03-19,14:54:40,1710860080834,7.838,196133.54849812,8.01,-0.172,ASK,17108600808340000
KRW-TT,2024-03-19,14:54:38,1710860078814,7.842,90240.60528312,8.01,-0.168,BID,17108600788140000
KRW-TT,2024-03-19,14:54:38,1710860078739,7.842,32751.67641156,8.01,-0.168,BID,17108600787390000
KRW-TT,2024-03-19,14:54:38,1710860078629,7.842,132229.51003054,8.01,-0.168,BID,17108600786290000
KRW-TT,2024-03-19,14:54:38,1710860078528,7.842,122992.28169468,8.01,-0.168,BID,17108600785280000
KRW-TT,2024-03-19,14:54:38,1710860078509,7.842,15361.22800306,8.01,-0.168,BID,17108600785090000
KRW-TT,2024-03-19,14:54:36,1710860076456,7.842,156526.52384595,8.01,-0.168,BID,17108600764560000
KRW-TT,2024-03-19,14:54:35,1710860075814,7.842,6482.85905504,8.01,-0.168,ASK,17108600758140001
KRW-TT,2024-03-19,14:54:35,1710860075814,7.842,67011.87256227,8.01,-0.168,ASK,17108600758140000
KRW-TT,2024-03-19,14:54:33,1710860073338,7.842,84728.53785563,8.01,-0.168,ASK,17108600733380000
KRW-TT,2024-03-19,14:54:26,1710860066852,7.842,196160.08988969,8.01,-0.168,ASK,17108600668520000
KRW-TT,2024-03-19,14:54:26,1710860066011,7.842,44904.47526887,8.01,-0.168,BID,17108600660110001
KRW-TT,2024-03-19,14:54:26,1710860066011,7.838,334069.1543058,8.01,-0.172,BID,17108600660110000
KRW-TT,2024-03-19,14:54:24,1710860064755,7.838,118092.25567746,8.01,-0.172,BID,17108600647550000
KRW-TT,2024-03-19,14:54:22,1710860062237,7.834,35529.3135695,8.01,-0.176,ASK,17108600622370001
KRW-TT,2024-03-19,14:54:22,1710860062237,7.834,2330.1378606,8.01,-0.176,ASK,17108600622370000
KRW-TT,2024-03-19,14:54:20,1710860060226,7.838,398584.8637105,8.01,-0.172,BID,17108600602260000
KRW-TT,2024-03-19,14:54:20,1710860060119,7.838,277468.98355454,8.01,-0.172,ASK,17108600601190000
KRW-TT,2024-03-19,14:54:19,1710860059042,7.838,49361.48250547,8.01,-0.172,ASK,17108600590420000
KRW-TT,2024-03-19,14:54:18,1710860058720,7.838,97364.37181785,8.01,-0.172,ASK,17108600587200000
KRW-TT,2024-03-19,14:54:17,1710860057561,7.838,213722.99830484,8.01,-0.172,BID,17108600575610000
KRW-TT,2024-03-19,14:54:17,1710860057452,7.838,41438.58842181,8.01,-0.172,BID,17108600574520001
KRW-TT,2024-03-19,14:54:17,1710860057452,7.837,22061.53857844,8.01,-0.173,BID,17108600574520000
KRW-TT,2024-03-19,14:54:17,1710860057031,7.837,98054.3788,8.01,-0.173,ASK,17108600570310002
KRW-TT,2024-03-19,14:54:17,1710860057031,7.837,35799.4156,8.01,-0.173,ASK,17108600570310001
KRW-TT,2024-03-19,14:54:17,1710860057031,7.837,1215.58573423,8.01,-0.173,ASK,17108600570310000
KRW-TT,2024-03-19,14:54:16,1710860056748,7.838,131220.91094667,8.01,-0.172,BID,17108600567480000
KRW-TT,2024-03-19,14:54:14,1710860054822,7.838,30000.0,8.01,-0.172,BID,17108600548220000
KRW-TT,2024-03-19,14:54:11,1710860051440,7.838,52846.7564,8.01,-0.172,BID,17108600514400000
KRW-TT,2024-03-19,14:54:11,1710860051320,7.838,14816.24010965,8.01,-0.172,ASK,17108600513200000
KRW-TT,2024-03-19,14:54:10,1710860050896,7.838,83349.37359035,8.01,-0.172,ASK,17108600508960001
KRW-TT,2024-03-19,14:54:10,1710860050896,7.838,8584.32887869,8.01,-0.172,ASK,17108600508960000
KRW-TT,2024-03-19,14:54:09,1710860049197,7.838,38275.32017123,8.01,-0.172,ASK,17108600491970000
KRW-TT,2024-03-19,14:54:08,1710860048276,7.842,21661.805994,8.01,-0.168,BID,17108600482760000
KRW-TT,2024-03-19,14:54:08,1710860048219,7.842,69156.97526141,8.01,-0.168,BID,17108600482190000
KRW-TT,2024-03-19,14:54:05,1710860045651,7.838,98051.49495008,8.01,-0.172,BID,17108600456510000
KRW-TT,2024-03-19,14:54:05,1710860045560,7.838,30000.0,8.01,-0.172,ASK,17108600455600001
KRW-TT,2024-03-19,14:54:05,1710860045560,7.838,64679.23533722,8.01,-0.172,ASK,17108600455600000
KRW-TT,2024-03-19,14:54:03,1710860043601,7.838,14910.78594207,8.01,-0.172,ASK,17108600436010000
KRW-TT,2024-03-19,14:54:00,1710860040838,7.838,67015.54809728,8.01,-0.172,ASK,17108600408380005
KRW-TT,2024-03-19,14:54:00,1710860040838,7.838,2095.9300842,8.01,-0.172,ASK,17108600408380004
KRW-TT,2024-03-19,14:54:00,1710860040838,7.839,207632.86133435,8.01,-0.171,ASK,17108600408380003
KRW-TT,2024-03-19,14:54:00,1710860040838,7.84,1924.36224489,8.01,-0.17,ASK,17108600408380002
KRW-TT,2024-03-19,14:54:00,1710860040838,7.84,2000.0,8.01,-0.17,ASK,17108600408380001
KRW-TT,2024-03-19,14:54:00,1710860040838,7.841,1215.58573423,8.01,-0.169,ASK,17108600408380000
KRW-TT,2024-03-19,14:54:00,1710860040835,7.842,8496.38939775,8.01,-0.168,ASK,17108600408350015
KRW-TT,2024-03-19,14:54:00,1710860040835,7.842,2550.36980362,8.01,-0.168,ASK,17108600408350014
KRW-TT,2024-03-19,14:54:00,1710860040835,7.842,1885.27161438,8.01,-0.168,ASK,17108600408350013
KRW-TT,2024-03-19,14:54:00,1710860040835,7.843,182451.67866149,8.01,-0.167,ASK,17108600408350012
KRW-TT,2024-03-19,14:54:00,1710860040835,7.843,1923.62616345,8.01,-0.167,ASK,17108600408350011
KRW-TT,2024-03-19,14:54:00,1710860040835,7.845,1215.58573423,8.01,-0.165,ASK,17108600408350010
KRW-TT,2024-03-19,14:54:00,1710860040835,7.846,17009.49528422,8.01,-0.164,ASK,17108600408350009
KRW-TT,2024-03-19,14:54:00,1710860040835,7.846,1695.78128982,8.01,-0.164,ASK,17108600408350008
KRW-TT,2024-03-19,14:54:00,1710860040835,7.85,127679.9291097,8.01,-0.16,ASK,17108600408350007
KRW-TT,2024-03-19,14:54:00,1710860040835,7.85,1215.58573423,8.01,-0.16,ASK,17108600408350006
KRW-TT,2024-03-19,14:54:00,1710860040835,7.85,1695.78128982,8.01,-0.16,ASK,17108600408350005
KRW-TT,2024-03-19,14:54:00,1710860040835,7.85,1921.91082802,8.01,-0.16,ASK,17108600408350004
KRW-TT,2024-03-19,14:54:00,1710860040835,7.85,1000.0,8.01,-0.16,ASK,17108600408350003
KRW-TT,2024-03-19,14:54:00,1710860040835,7.85,25477.70700636,8.01,-0.16,ASK,17108600408350002
KRW-TT,2024-03-19,14:54:00,1710860040835,7.85,2035.16076356,8.01,-0.16,ASK,17108600408350001
KRW-MASK,2024-03-19,15:11:22,1710861082251,6375.0,28.6454717,7072.0,-697.0,ASK,17108610822510003
KRW-MASK,2024-03-19,15:11:22,1710861082251,6375.0,84.44009804,7072.0,-697.0,ASK,17108610822510002
KRW-MASK,2024-03-19,15:11:22,1710861082251,6375.0,78.4682988,7072.0,-697.0,ASK,17108610822510001
KRW-MASK,2024-03-19,15:11:22,1710861082251,6375.0,14.82780439,7072.0,-697.0,ASK,17108610822510000
KRW-MASK,2024-03-19,15:11:11,1710861071761,6381.0,36.69984958,7072.0,-691.0,ASK,17108610717610000
KRW-MASK,2024-03-19,15:11:11,1710861071757,6381.0,293.80079306,7072.0,-691.0,ASK,17108610717570000
KRW-MASK,2024-03-19,15:11:11,1710861071729,6381.0,169.49935736,7072.0,-691.0,ASK,17108610717290000
KRW-MASK,2024-03-19,15:11:11,1710861071650,6382.0,154.30078755,7072.0,-690.0,ASK,17108610716500000
KRW-MASK,2024-03-19,15:11:10,1710861070764,6383.0,217.64982006,7072.0,-689.0,ASK,17108610707640000
KRW-MASK,2024-03-19,15:11:09,1710861069715,6383.0,782.35017994,7072.0,-689.0,ASK,17108610697150000
KRW-MASK,2024-03-19,15:11:07,1710861067524,6391.0,29.34,7072.0,-681.0,BID,17108610675240001
KRW-MASK,2024-03-19,15:11:07,1710861067524,6391.0,470.66,7072.0,-681.0,BID,17108610675240000
KRW-MASK,2024-03-19,15:10:47,1710861047400,6392.0,2e-08,7072.0,-680.0,BID,17108610474000000
KRW-MASK,2024-03-19,15:10:47,1710861047387,6392.0,35.26299998,7072.0,-680.0,BID,17108610473870000
KRW-MASK,2024-03-19,15:10:38,1710861038549,6379.0,62.47007445,7072.0,-693.0,BID,17108610385490000
KRW-MASK,2024-03-19,15:10:38,1710861038546,6379.0,293.80080302,7072.0,-693.0,BID,17108610385460000
KRW-MASK,2024-03-19,15:10:38,1710861038541,6379.0,293.80080302,7072.0,-693.0,BID,17108610385410000
KRW-MASK,2024-03-19,15:10:38,1710861038398,6379.0,88.60493016,7072.0,-693.0,ASK,17108610383980001
KRW-MASK,2024-03-19,15:10:38,1710861038398,6389.0,280.10442594,7072.0,-683.0,ASK,17108610383980000
KRW-MASK,2024-03-19,15:10:37,1710861037867,6389.0,111.27797777,7072.0,-683.0,ASK,17108610378670000
KRW-MASK,2024-03-19,15:10:37,1710861037717,6389.0,30.64279798,7072.0,-683.0,BID,17108610377170002
KRW-MASK,2024-03-19,15:10:37,1710861037717,6389.0,51.19088459,7072.0,-683.0,BID,17108610377170001
KRW-MASK,2024-03-19,15:10:37,1710861037717,6385.0,466.66473242,7072.0,-687.0,BID,17108610377170000
KRW-MASK,2024-03-19,15:10:23,1710861023897,6379.0,36.26524533,7072.0,-693.0,ASK,17108610238970000
KRW-MASK,2024-03-19,15:10:22,1710861022869,6379.0,70.63188314,7072.0,-693.0,ASK,17108610228690000
KRW-MASK,2024-03-19,15:10:17,1710861017241,6379.0,42.32712788,7072.0,-693.0,ASK,17108610172410000
KRW-MASK,2024-03-19,15:10:11,1710861011475,6379.0,84.33781706,7072.0,-693.0,ASK,17108610114750000
KRW-MASK,2024-03-19,15:10:10,1710861010017,6379.0,51.16620159,7072.0,-693.0,ASK,17108610100170000
KRW-MASK,2024-03-19,15:10:09,1710861009226,6379.0,435.08515194,7072.0,-693.0,BID,17108610092260000
KRW-MASK,2024-03-19,15:10:00,1710861000573,6379.0,78.40677434,7072.0,-693.0,BID,17108610005730000
KRW-MASK,2024-03-19,15:09:58,1710860998042,6379.0,15.67643831,7072.0,-693.0,BID,17108609980420000
KRW-MASK,2024-03-19,15:09:49,1710860989670,6375.0,7.67211717,7072.0,-697.0,ASK,17108609896700001
KRW-MASK,2024-03-19,15:09:49,1710860989670,6377.0,29.721816,7072.0,-695.0,ASK,17108609896700000
KRW-MASK,2024-03-19,15:09:44,1710860984234,6377.0,139.10541467,7072.0,-695.0,ASK,17108609842340002
KRW-MASK,2024-03-19,15:09:44,1710860984234,6377.0,78.4682988,7072.0,-695.0,ASK,17108609842340001
KRW-MASK,2024-03-19,15:09:44,1710860984234,6378.0,158.03465467,7072.0,-694.0,ASK,17108609842340000
KRW-MASK,2024-03-19,15:09:43,1710860983526,6379.0,557.17059883,7072.0,-693.0,BID,17108609835260000
KRW-MASK,2024-03-19,15:09:40,1710860980067,6379.0,10.42147602,7072.0,-693.0,ASK,17108609800670003
KRW-MASK,2024-03-19,15:09:40,1710860980067,6379.0,2.62293631,7072.0,-693.0,ASK,17108609800670002
KRW-MASK,2024-03-19,15:09:40,1710860980067,6380.0,15.64455569,7072.0,-692.0,ASK,17108609800670001
KRW-MASK,2024-03-19,15:09:40,1710860980067,6380.0,78.4682988,7072.0,-692.0,ASK,17108609800670000
KRW-MASK,2024-03-19,15:09:38,1710860978496,6392.0,1e-08,7072.0,-680.0,ASK,17108609784960000
KRW-MASK,2024-03-19,15:09:38,1710860978021,6392.0,47.66890946,7072.0,-680.0,ASK,17108609780210000
KRW-MASK,2024-03-19,15:09:37,1710860977930,6393.0,220.71328361,7072.0,-679.0,ASK,17108609779300000
KRW-MASK,2024-03-19,15:09:36,1710860976543,6393.0,92.12888751,7072.0,-679.0,BID,17108609765430000
KRW-MASK,2024-03-19,15:09:35,1710860975085,6392.0,11.28195686,7072.0,-680.0,ASK,17108609750850000
KRW-MASK,2024-03-19,15:09:34,1710860974236,6392.0,25.26465698,7072.0,-680.0,ASK,17108609742360001
KRW-MASK,2024-03-19,15:09:34,1710860974236,6392.0,1e-08,7072.0,-680.0,ASK,17108609742360000
KRW-MASK,2024-03-19,15:09:33,1710860973225,6393.0,41.34566534,7072.0,-679.0,ASK,17108609732250001
KRW-MASK,2024-03-19,15:09:33,1710860973225,6393.0,9.72403316,7072.0,-679.0,ASK,17108609732250000
KRW-MASK,2024-03-19,15:09:28,1710860968742,6393.0,21.88701363,7072.0,-679.0,ASK,17108609687420000
KRW-MASK,2024-03-19,15:09:27,1710860967702,6393.0,31.26716234,7072.0,-679.0,ASK,17108609677020000
KRW-MASK,2024-03-19,15:09:24,1710860964981,6393.0,33.74857684,7072.0,-679.0,ASK,17108609649810000
KRW-MASK,2024-03-19,15:09:13,1710860953188,6393.0,33.6562933,7072.0,-679.0,ASK,17108609531880000
KRW-MASK,2024-03-19,15:09:11,1710860951138,6393.0,31.62106992,7072.0,-679.0,ASK,17108609511380000
KRW-MASK,2024-03-19,15:09:10,1710860950399,6393.0,29.78088713,7072.0,-679.0,ASK,17108609503990000
KRW-MASK,2024-03-19,15:09:09,1710860949112,6397.0,740.92727059,7072.0,-675.0,BID,17108609491120000
KRW-MASK,2024-03-19,15:09:09,1710860949074,6393.0,31.2,7072.0,-679.0,ASK,17108609490740000
KRW-MASK,2024-03-19,15:09:06,1710860946317,6397.0,78.21054278,7072.0,-675.0,BID,17108609463170000
KRW-MASK,2024-03-19,15:09:05,1710860945636,6393.0,59.71949581,7072.0,-679.0,ASK,17108609456360000
KRW-MASK,2024-03-19,15:09:04,1710860944246,6393.0,39.3,7072.0,-679.0,ASK,17108609442460000
KRW-MASK,2024-03-19,15:09:03,1710860943271,6393.0,69.0,7072.0,-679.0,ASK,17108609432710000
KRW-MASK,2024-03-19,15:09:01,1710860941799,6393.0,41.36118723,7072.0,-679.0,ASK,17108609417990000
KRW-MASK,2024-03-19,15:08:57,1710860937551,6393.0,459.41764277,7072.0,-679.0,ASK,17108609375510001
KRW-MASK,2024-03-19,15:08:57,1710860937551,6393.0,41.17798818,7072.0,-679.0,ASK,17108609375510000
KRW-MASK,2024-03-19,15:08:57,1710860937069,6393.0,34.37674094,7072.0,-679.0,ASK,17108609370690000
KRW-MASK,2024-03-19,15:08:54,1710860934294,6393.0,18.6,7072.0,-679.0,ASK,17108609342940000
KRW-MASK,2024-03-19,15:08:45,1710860925801,6393.0,62.26635644,7072.0,-679.0,ASK,17108609258010001
KRW-MASK,2024-03-19,15:08:45,1710860925801,6393.0,29.82028514,7072.0,-679.0,ASK,17108609258010000
KRW-MASK,2024-03-19,15:08:45,1710860925440,6393.0,61.28746773,7072.0,-679.0,ASK,17108609254400000
KRW-MASK,2024-03-19,15:08:43,1710860923321,6393.0,33.29182609,7072.0,-679.0,ASK,17108609233210000
KRW-MASK,2024-03-19,15:08:41,1710860921490,6393.0,37.42140546,7072.0,-679.0,ASK,17108609214900000
KRW-MASK,2024-03-19,15:08:41,1710860921081,6393.0,65.91807716,7072.0,-679.0,ASK,17108609210810000
KRW-MASK,2024-03-19,15:08:41,1710860921030,6393.0,49.47376964,7072.0,-679.0,ASK,17108609210300000
KRW-MASK,2024-03-19,15:08:41,1710860921017,6393.0,49.85137824,7072.0,-679.0,ASK,17108609210170000
KRW-MASK,2024-03-19,15:08:41,1710860921007,6393.0,61.8,7072.0,-679.0,ASK,17108609210070000
KRW-MASK,2024-03-19,15:08:40,1710860920981,6393.0,66.04507033,7072.0,-679.0,ASK,17108609209810000
KRW-MASK,2024-03-19,15:08:40,1710860920793,6393.0,82.88705532,7072.0,-679.0,ASK,17108609207930000
KRW-MASK,2024-03-19,15:08:40,1710860920511,6393.0,57.62648537,7072.0,-679.0,ASK,17108609205110000
KRW-MASK,2024-03-19,15:08:40,1710860920476,6393.0,132.1055678,7072.0,-679.0,ASK,17108609204760000
KRW-MASK,2024-03-19,15:08:39,1710860919319,6393.0,43.9464333,7072.0,-679.0,ASK,17108609193190000
KRW-MASK,2024-03-19,15:08:39,1710860919033,6393.0,43.62618126,7072.0,-679.0,ASK,17108609190330000
KRW-MASK,2024-03-19,15:08:37,1710860917783,6393.0,73.01872194,7072.0,-679.0,ASK,17108609177830000
KRW-MASK,2024-03-19,15:08:37,1710860917576,6393.0,28.64646622,7072.0,-679.0,ASK,17108609175760000
KRW-MASK,2024-03-19,15:08:37,1710860917180,6393.0,28.73339116,7072.0,-679.0,ASK,17108609171800000
KRW-MASK,2024-03-19,15:08:37,1710860917071,6393.0,43.1863243,7072.0,-679.0,ASK,17108609170710000
KRW-MASK,2024-03-19,15:08:35,1710860915878,6392.0,54.58506507,7072.0,-680.0,ASK,17108609158780000
KRW-MASK,2024-03-19,15:08:34,1710860914985,6392.0,27.53463167,7072.0,-680.0,ASK,17108609149850000
KRW-MASK,2024-03-19,15:08:34,1710860914979,6392.0,27.85095244,7072.0,-680.0,ASK,17108609149790000
KRW-MASK,2024-03-19,15:08:34,1710860914785,6392.0,45.08943767,7072.0,-680.0,ASK,17108609147850000
KRW-MASK,2024-03-19,15:08:34,1710860914415,6392.0,62.03861259,7072.0,-680.0,ASK,17108609144150000
KRW-MASK,2024-03-19,15:08:34,1710860914408,6392.0,61.99968785,7072.0,-680.0,ASK,17108609144080000
KRW-MASK,2024-03-19,15:08:34,1710860914387,6392.0,36.4393454,7072.0,-680.0,ASK,17108609143870000
KRW-MASK,2024-03-19,15:08:34,1710860914380,6392.0,82.21411102,7072.0,-680.0,ASK,17108609143800000
KRW-MASK,2024-03-19,15:08:21,1710860901588,6392.0,41.33819304,7072.0,-680.0,BID,17108609015880000
KRW-MASK,2024-03-19,15:08:20,1710860900282,6392.0,2e-08,7072.0,-680.0,ASK,17108609002820000
KRW-MASK,2024-03-19,15:08:17,1710860897321,6392.0,39.72009374,7072.0,-680.0,ASK,17108608973210000
KRW-MASK,2024-03-19,15:08:17,1710860897012,6392.0,20.21444192,7072.0,-680.0,ASK,17108608970120000
KRW-MASK,2024-03-19,15:08:16,1710860896985,6392.0,20.00021063,7072.0,-680.0,ASK,17108608969850000
KRW-MASK,2024-03-19,15:08:16,1710860896497,6398.0,312.59768677,7072.0,-674.0,BID,17108608964970000
KRW-MASK,2024-03-19,15:08:15,1710860895656,6398.0,18.8545596,7072.0,-674.0,BID,17108608956560002
KRW-MASK,2024-03-19,15:08:15,1710860895656,6398.0,36.83328114,7072.0,-674.0,BID,17108608956560001
KRW-MASK,2024-03-19,15:08:15,1710860895656,6398.0,250.40859564,7072.0,-674.0,BID,17108608956560000
KRW-MASK,2024-03-19,15:08:15,1710860895629,6392.0,20.06525369,7072.0,-680.0,ASK,17108608956290000
KRW-MASK,2024-03-19,15:08:15,1710860895469,6397.0,1e-08,7072.0,-675.0,ASK,17108608954690000
KRW-MASK,2024-03-19,15:08:15,1710860895440,6397.0,15.62988432,7072.0,-675.0,ASK,17108608954400001
KRW-MASK,2024-03-19,15:08:15,1710860895440,6397.0,33.94448007,7072.0,-675.0,ASK,17108608954400000
KRW-MASK,2024-03-19,15:08:15,1710860895368,6398.0,13.78860581,7072.0,-674.0,ASK,17108608953680000
KRW-MASK,2024-03-19,15:08:13,1710860893696,6397.0,21.24615616,7072.0,-675.0,ASK,17108608936960000
KRW-MASK,2024-03-19,15:08:06,1710860886868,6398.0,234.99756358,7072.0,-674.0,BID,17108608868680002
KRW-MASK,2024-03-19,15:08:06,1710860886868,6398.0,59.32448498,7072.0,-674.0,BID,17108608868680001
KRW-MASK,2024-03-19,15:08:06,1710860886868,6397.0,18.27849512,7072.0,-675.0,BID,17108608868680000
KRW-MASK,2024-03-19,15:08:00,1710860880831,6397.0,31.54192456,7072.0,-675.0,BID,17108608808310001
KRW-MASK,2024-03-19,15:08:00,1710860880831,6397.0,50.200611,7072.0,-675.0,BID,17108608808310000
KRW-MASK,2024-03-19,15:07:57,1710860877231,6403.0,197.74828329,7072.0,-669.0,ASK,17108608772310000
KRW-MASK,2024-03-19,15:07:57,1710860877141,6403.0,11.72114715,7072.0,-669.0,BID,17108608771410000
KRW-MASK,2024-03-19,15:07:48,1710860868215,6403.0,3.90441978,7072.0,-669.0,BID,17108608682150001
KRW-MASK,2024-03-19,15:07:48,1710860868215,6392.0,2e-08,7072.0,-680.0,BID,17108608682150000
KRW-MASK,2024-03-19,15:07:47,1710860867522,6392.0,1.56959998,7072.0,-680.0,BID,17108608675220002
KRW-MASK,2024-03-19,15:07:47,1710860867522,6392.0,1.5686,7072.0,-680.0,BID,17108608675220001
KRW-MASK,2024-03-19,15:07:47,1710860867522,6392.0,16.21668345,7072.0,-680.0,BID,17108608675220000
KRW-MASK,2024-03-19,15:07:29,1710860849140,6394.0,530.78782898,7072.0,-678.0,BID,17108608491400003
KRW-MASK,2024-03-19,15:07:29,1710860849140,6393.0,1.5696,7072.0,-679.0,BID,17108608491400002
KRW-MASK,2024-03-19,15:07:29,1710860849140,6393.0,1.5686,7072.0,-679.0,BID,17108608491400001
KRW-MASK,2024-03-19,15:07:29,1710860849140,6393.0,14.10216,7072.0,-679.0,BID,17108608491400000
KRW-MASK,2024-03-19,15:07:05,1710860825749,6371.0,76.60120545,7072.0,-701.0,ASK,17108608257490004
KRW-MASK,2024-03-19,15:07:05,1710860825749,6371.0,73.94138107,7072.0,-701.0,ASK,17108608257490003
KRW-MASK,2024-03-19,15:07:05,1710860825749,6377.0,39.20338717,7072.0,-695.0,ASK,17108608257490002
KRW-MASK,2024-03-19,15:07:05,1710860825749,6377.0,10.94816603,7072.0,-695.0,ASK,17108608257490001
KRW-MASK,2024-03-19,15:07:05,1710860825749,6382.0,14.10216,7072.0,-690.0,ASK,17108608257490000
KRW-MASK,2024-03-19,15:06:44,1710860804693,6389.0,13.30709031,7072.0,-683.0,BID,17108608046930000
KRW-MASK,2024-03-19,15:06:39,1710860799738,6389.0,17.71248827,7072.0,-683.0,BID,17108607997380000
KRW-MASK,2024-03-19,15:06:39,1710860799300,6389.0,41.3353401,7072.0,-683.0,BID,17108607993000000
KRW-MASK,2024-03-19,15:06:28,1710860788962,6401.0,125.65946949,7072.0,-671.0,BID,17108607889620001
KRW-MASK,2024-03-19,15:06:28,1710860788962,6398.0,121.84381616,7072.0,-674.0,BID,17108607889620000
KRW-MASK,2024-03-19,15:06:26,1710860786823,6377.0,4.73318883,7072.0,-695.0,ASK,17108607868230000
KRW-MASK,2024-03-19,15:06:10,1710860770506,6402.0,59.21923858,7072.0,-670.0,BID,17108607705060005
KRW-MASK,2024-03-19,15:06:10,1710860770506,6399.0,3.12548836,7072.0,-673.0,BID,17108607705060004
KRW-MASK,2024-03-19,15:06:10,1710860770506,6399.0,14.08892,7072.0,-673.0,BID,17108607705060003
KRW-MASK,2024-03-19,15:06:10,1710860770506,6398.0,100.0,7072.0,-674.0,BID,17108607705060002
KRW-MASK,2024-03-19,15:06:10,1710860770506,6398.0,14.56617021,7072.0,-674.0,BID,17108607705060001
KRW-MASK,2024-03-19,15:06:10,1710860770506,6383.0,121.84381615,7072.0,-689.0,BID,17108607705060000
KRW-MASK,2024-03-19,15:05:54,1710860754065,6389.0,364.94864373,7072.0,-683.0,BID,17108607540650005
KRW-MASK,2024-03-19,15:05:54,1710860754065,6384.0,103.41711705,7072.0,-688.0,BID,17108607540650004
KRW-MASK,2024-03-19,15:05:54,1710860754065,6383.0,86.5558041,7072.0,-689.0,BID,17108607540650003
KRW-MASK,2024-03-19,15:05:54,1710860754065,6383.0,87.42349202,7072.0,-689.0,BID,17108607540650002
KRW-MASK,2024-03-19,15:05:54,1710860754065,6383.0,87.17041971,7072.0,-689.0,BID,17108607540650001
KRW-MASK,2024-03-19,15:05:54,1710860754065,6382.0,53.07960869,7072.0,-690.0,BID,17108607540650000
KRW-MASK,2024-03-19,15:05:53,1710860753116,6382.0,34.1711463,7072.0,-690.0,BID,17108607531160000
KRW-MASK,2024-03-19,15:05:50,1710860750631,6389.0,344.72372351,7072.0,-683.0,ASK,17108607506310000
KRW-MASK,2024-03-19,15:05:50,1710860750575,6389.0,15.6681579,7072.0,-683.0,BID,17108607505750003
KRW-MASK,2024-03-19,15:05:50,1710860750575,6383.0,129.83776739,7072.0,-689.0,BID,17108607505750002
KRW-MASK,2024-03-19,15:05:50,1710860750575,6378.0,243.68763231,7072.0,-694.0,BID,17108607505750001
KRW-MASK,2024-03-19,15:05:50,1710860750575,6378.0,48.67780419,7072.0,-694.0,BID,17108607505750000
KRW-MASK,2024-03-19,15:05:35,1710860735891,6377.0,9.1,7072.0,-695.0,BID,17108607358910000
KRW-MASK,2024-03-19,15:05:32,1710860732927,6378.0,20.86191608,7072.0,-694.0,BID,17108607329270000
KRW-MASK,2024-03-19,15:05:26,1710860726384,6378.0,1.56788962,7072.0,-694.0,BID,17108607263840000
KRW-MASK,2024-03-19,15:05:19,1710860719522,6378.0,17.24678582,7072.0,-694.0,BID,17108607195220000
KRW-MASK,2024-03-19,15:05:17,1710860717912,6378.0,156.66614444,7072.0,-694.0,BID,17108607179120000
KRW-MASK,2024-03-19,15:05:12,1710860712175,6383.0,27.79483097,7072.0,-689.0,BID,17108607121750002
KRW-MASK,2024-03-19,15:05:12,1710860712175,6383.0,3.20516903,7072.0,-689.0,BID,17108607121750001
KRW-MASK,2024-03-19,15:05:12,1710860712175,6382.0,273.0,7072.0,-690.0,BID,17108607121750000
KRW-MASK,2024-03-19,15:05:12,1710860712141,6376.0,71.05334331,7072.0,-696.0,BID,17108607121410001
KRW-MASK,2024-03-19,15:05:12,1710860712141,6369.0,55.94665669,7072.0,-703.0,BID,17108607121410000
KRW-MASK,2024-03-19,15:05:12,1710860712102,6369.0,732.0,7072.0,-703.0,BID,17108607121020000
KRW-MASK,2024-03-19,15:05:12,1710860712052,6369.0,149.6429319,7072.0,-703.0,BID,17108607120520000
KRW-MASK,2024-03-19,15:05:12,1710860712041,6369.0,264.19720145,7072.0,-703.0,BID,17108607120410000
KRW-MASK,2024-03-19,15:05:12,1710860712019,6369.0,217.52884242,7072.0,-703.0,BID,17108607120190000
KRW-MASK,2024-03-19,15:05:06,1710860706357,6369.0,202.9999999,7072.0,-703.0,BID,17108607063570000
KRW-MASK,2024-03-19,15:04:53,1710860693405,6358.0,16.87788255,7072.0,-714.0,ASK,17108606934050001
KRW-MASK,2024-03-19,15:04:53,1710860693405,6358.0,146.8,7072.0,-714.0,ASK,17108606934050000
KRW-MASK,2024-03-19,15:04:07,1710860647626,6342.0,817.03082397,7072.0,-730.0,ASK,17108606476260012
KRW-MASK,2024-03-19,15:04:07,1710860647626,6342.0,400.0,7072.0,-730.0,ASK,17108606476260011
KRW-MASK,2024-03-19,15:04:07,1710860647626,6342.0,821.97059779,7072.0,-730.0,ASK,17108606476260010
KRW-MASK,2024-03-19,15:04:07,1710860647626,6342.0,157.7038322,7072.0,-730.0,ASK,17108606476260009
KRW-MASK,2024-03-19,15:04:07,1710860647626,6343.0,285.11993412,7072.0,-729.0,ASK,17108606476260008
KRW-MASK,2024-03-19,15:04:07,1710860647626,6345.0,78.80220646,7072.0,-727.0,ASK,17108606476260007
KRW-MASK,2024-03-19,15:04:07,1710860647626,6345.0,274.0,7072.0,-727.0,ASK,17108606476260006
KRW-MASK,2024-03-19,15:04:07,1710860647626,6349.0,263.0,7072.0,-723.0,ASK,17108606476260005
KRW-MASK,2024-03-19,15:04:07,1710860647626,6349.0,484.17577319,7072.0,-723.0,ASK,17108606476260004
KRW-MASK,2024-03-19,15:04:07,1710860647626,6349.0,57.29231679,7072.0,-723.0,ASK,17108606476260003
KRW-MASK,2024-03-19,15:04:07,1710860647626,6349.0,101.32917677,7072.0,-723.0,ASK,17108606476260002
KRW-MASK,2024-03-19,15:04:07,1710860647626,6350.0,300.4442,7072.0,-722.0,ASK,17108606476260001
KRW-MASK,2024-03-19,15:04:07,1710860647626,6351.0,146.94,7072.0,-721.0,ASK,17108606476260000
KRW-MASK,2024-03-19,15:03:52,1710860632647,6358.0,7.01763117,7072.0,-714.0,BID,17108606326470000
KRW-MASK,2024-03-19,15:03:49,1710860629571,6356.0,33.79781272,7072.0,-716.0,ASK,17108606295710000
KRW-MASK,2024-03-19,15:03:39,1710860619010,6355.0,398.47527063,7072.0,-717.0,BID,17108606190100002
KRW-MASK,2024-03-19,15:03:39,1710860619010,6354.0,638.96602828,7072.0,-718.0,BID,17108606190100001
KRW-MASK,2024-03-19,15:03:39,1710860619010,6354.0,156.05493133,7072.0,-718.0,BID,17108606190100000
KRW-MASK,2024-03-19,15:03:14,1710860594919,6342.0,3.15407665,7072.0,-730.0,ASK,17108605949190000
KRW-MASK,2024-03-19,15:02:57,1710860577196,6341.0,40.93733476,7072.0,-731.0,ASK,17108605771960000
KRW-MASK,2024-03-19,15:02:56,1710860576862,6341.0,89.17794038,7072.0,-731.0,ASK,17108605768620000
KRW-MASK,2024-03-19,15:02:54,1710860574928,6341.0,100.0,7072.0,-731.0,ASK,17108605749280000
KRW-MASK,2024-03-19,15:02:53,1710860573570,6354.0,1.69949649,7072.0,-718.0,BID,17108605735700000
KRW-MASK,2024-03-19,15:02:41,1710860561153,6354.0,7.86905886,7072.0,-718.0,BID,17108605611530000
KRW-MASK,2024-03-19,15:02:36,1710860556277,6354.0,1.49638023,7072.0,-718.0,BID,17108605562770000
KRW-MASK,2024-03-19,15:02:31,1710860551898,6341.0,85.49176376,7072.0,-731.0,ASK,17108605518980000
KRW-MASK,2024-03-19,15:02:31,1710860551746,6341.0,31.04953918,7072.0,-731.0,ASK,17108605517460000
KRW-MASK,2024-03-19,15:02:30,1710860550905,6341.0,105.24400776,7072.0,-731.0,ASK,17108605509050000
KRW-MASK,2024-03-19,15:02:30,1710860550589,6341.0,36.28841749,7072.0,-731.0,ASK,17108605505890000
KRW-MASK,2024-03-19,15:02:29,1710860549768,6341.0,27.74616306,7072.0,-731.0,ASK,17108605497680000
KRW-MASK,2024-03-19,15:02:29,1710860549110,6341.0,80.0,7072.0,-731.0,ASK,17108605491100000
KRW-MASK,2024-03-19,15:02:29,1710860549087,6341.0,184.05282568,7072.0,-731.0,ASK,17108605490870003
KRW-MASK,2024-03-19,15:02:29,1710860549087,6341.0,10.59369184,7072.0,-731.0,ASK,17108605490870002
KRW-MASK,2024-03-19,15:02:29,1710860549087,6342.0,12.21223588,7072.0,-730.0,ASK,17108605490870001
KRW-MASK,2024-03-19,15:02:29,1710860549087,6346.0,14.7412466,7072.0,-726.0,ASK,17108605490870000
KRW-MASK,2024-03-19,15:02:27,1710860547851,6346.0,19.071346,7072.0,-726.0,ASK,17108605478510000
KRW-MASK,2024-03-19,15:02:25,1710860545917,6345.0,10.50662512,7072.0,-727.0,ASK,17108605459170000
KRW-MASK,2024-03-19,15:02:25,1710860545897,6345.0,42.0266,7072.0,-727.0,ASK,17108605458970000
KRW-MASK,2024-03-19,15:02:25,1710860545075,6345.0,111.7,7072.0,-727.0,ASK,17108605450750000
KRW-MASK,2024-03-19,15:02:25,1710860545066,6345.0,65.58530145,7072.0,-727.0,ASK,17108605450660000
KRW-MASK,2024-03-19,15:02:25,1710860545060,6345.0,33.59541777,7072.0,-727.0,ASK,17108605450600000
KRW-MASK,2024-03-19,15:02:25,1710860545037,6345.0,33.74913349,7072.0,-727.0,ASK,17108605450370000
KRW-MASK,2024-03-19,15:02:24,1710860544920,6345.0,255.64716645,7072.0,-727.0,ASK,17108605449200001
KRW-MASK,2024-03-19,15:02:24,1710860544920,6345.0,58.57121532,7072.0,-727.0,ASK,17108605449200000
KRW-MASK,2024-03-19,15:02:23,1710860543268,6345.0,33.25276595,7072.0,-727.0,ASK,17108605432680000
KRW-MASK,2024-03-19,15:02:22,1710860542319,6345.0,30.04179978,7072.0,-727.0,ASK,17108605423190002
KRW-MASK,2024-03-19,15:02:22,1710860542319,6345.0,6.1001576,7072.0,-727.0,ASK,17108605423190001
KRW-MASK,2024-03-19,15:02:22,1710860542319,6345.0,16.25634049,7072.0,-727.0,ASK,17108605423190000
KRW-MASK,2024-03-19,15:02:20,1710860540533,6345.0,23.14476274,7072.0,-727.0,ASK,17108605405330001
KRW-MASK,2024-03-19,15:02:20,1710860540533,6345.0,2.98528763,7072.0,-727.0,ASK,17108605405330000
KRW-MASK,2024-03-19,15:02:18,1710860538084,6345.0,9.12087363,7072.0,-727.0,ASK,17108605380840000
KRW-MASK,2024-03-19,15:02:06,1710860526906,6355.0,585.78908814,7072.0,-717.0,BID,17108605269060000
KRW-MASK,2024-03-19,15:01:57,1710860517747,6345.0,1e-08,7072.0,-727.0,BID,17108605177470000
KRW-MASK,2024-03-19,15:01:57,1710860517741,6345.0,463.24361969,7072.0,-727.0,BID,17108605177410000
KRW-MASK,2024-03-19,15:01:50,1710860510486,6345.0,132.12230851,7072.0,-727.0,BID,17108605104860000
KRW-MASK,2024-03-19,15:01:50,1710860510214,6345.0,6.5512324,7072.0,-727.0,BID,17108605102140001
KRW-MASK,2024-03-19,15:01:50,1710860510214,6345.0,44.09378509,7072.0,-727.0,BID,17108605102140000
KRW-MASK,2024-03-19,15:01:38,1710860498803,6345.0,28.08755151,7072.0,-727.0,ASK,17108604988030000
KRW-MASK,2024-03-19,15:01:37,1710860497196,6347.0,71.10760989,7072.0,-725.0,BID,17108604971960000
KRW-MASK,2024-03-19,15:01:36,1710860496431,6345.0,32.1901714,7072.0,-727.0,ASK,17108604964310000
KRW-MASK,2024-03-19,15:01:36,1710860496415,6345.0,32.0712775,7072.0,-727.0,ASK,17108604964150000
KRW-MASK,2024-03-19,15:01:36,1710860496316,6345.0,29.63870644,7072.0,-727.0,ASK,17108604963160001
KRW-MASK,2024-03-19,15:01:36,1710860496316,6345.0,9.93943658,7072.0,-727.0,ASK,17108604963160000
KRW-MASK,2024-03-19,15:01:33,1710860493511,6347.0,180.86958409,7072.0,-725.0,BID,17108604935110000
KRW-MASK,2024-03-19,15:01:30,1710860490874,6347.0,4.42539089,7072.0,-725.0,ASK,17108604908740001
KRW-MASK,2024-03-19,15:01:30,1710860490874,6347.0,51.62506933,7072.0,-725.0,ASK,17108604908740000
KRW-MASK,2024-03-19,15:01:30,1710860490621,6347.0,24.0216258,7072.0,-725.0,ASK,17108604906210000
KRW-MASK,2024-03-19,15:01:29,1710860489200,6347.0,33.77119261,7072.0,-725.0,ASK,17108604892000000
KRW-MASK,2024-03-19,15:01:28,1710860488828,6347.0,48.13686253,7072.0,-725.0,ASK,17108604888280001
KRW-MASK,2024-03-19,15:01:28,1710860488828,6348.0,7.49915822,7072.0,-724.0,ASK,17108604888280000
KRW-MASK,2024-03-19,15:01:28,1710860488727,6348.0,251.49052465,7072.0,-724.0,ASK,17108604887270000
KRW-MASK,2024-03-19,15:01:28,1710860488576,6348.0,130.40710355,7072.0,-724.0,ASK,17108604885760000
KRW-MASK,2024-03-19,15:01:28,1710860488496,6348.0,131.38343407,7072.0,-724.0,ASK,17108604884960000
KRW-MASK,2024-03-19,15:01:28,1710860488314,6348.0,785.9945023,7072.0,-724.0,ASK,17108604883140001
KRW-MASK,2024-03-19,15:01:28,1710860488314,6350.0,0.78755906,7072.0,-722.0,ASK,17108604883140000
KRW-MASK,2024-03-19,15:01:27,1710860487269,6348.0,48.9073724,7072.0,-724.0,ASK,17108604872690000
KRW-MASK,2024-03-19,15:01:26,1710860486023,6348.0,122.73889798,7072.0,-724.0,ASK,17108604860230000
KRW-MASK,2024-03-19,15:01:25,1710860485470,6348.0,786.90588605,7072.0,-724.0,ASK,17108604854700000
KRW-MASK,2024-03-19,15:01:25,1710860485045,6348.0,173.72103629,7072.0,-724.0,ASK,17108604850450000
KRW-MASK,2024-03-19,15:01:24,1710860484998,6348.0,172.72184792,7072.0,-724.0,ASK,17108604849980000
KRW-MASK,2024-03-19,15:01:24,1710860484881,6348.0,786.90588605,7072.0,-724.0,ASK,17108604848810000
KRW-MASK,2024-03-19,15:01:24,1710860484789,6348.0,675.67800521,7072.0,-724.0,ASK,17108604847890001
KRW-MASK,2024-03-19,15:01:24,1710860484789,6350.0,111.22788084,7072.0,-722.0,ASK,17108604847890000
KRW-MASK,2024-03-19,15:01:24,1710860484769,6350.0,65.83512165,7072.0,-722.0,ASK,17108604847690000
KRW-MASK,2024-03-19,15:01:24,1710860484671,6350.0,75.88414392,7072.0,-722.0,ASK,17108604846710000
KRW-MASK,2024-03-19,15:01:24,1710860484122,6350.0,262.97922805,7072.0,-722.0,ASK,17108604841220000
KRW-MASK,2024-03-19,15:01:24,1710860484114,6350.0,76.11325774,7072.0,-722.0,ASK,17108604841140000
KRW-MASK,2024-03-19,15:01:23,1710860483998,6350.0,39.96216217,7072.0,-722.0,ASK,17108604839980001
KRW-MASK,2024-03-19,15:01:23,1710860483998,6350.0,0.81,7072.0,-722.0,ASK,17108604839980000
KRW-MASK,2024-03-19,15:01:23,1710860483386,6351.0,5.0,7072.0,-721.0,ASK,17108604833860002
KRW-MASK,2024-03-19,15:01:23,1710860483386,6351.0,1.65328294,7072.0,-721.0,ASK,17108604833860001
KRW-MASK,2024-03-19,15:01:23,1710860483386,6351.0,0.90316516,7072.0,-721.0,ASK,17108604833860000
KRW-MASK,2024-03-19,15:01:22,1710860482581,6351.0,0.09683484,7072.0,-721.0,ASK,17108604825810001
KRW-MASK,2024-03-19,15:01:22,1710860482581,6351.0,1.0,7072.0,-721.0,ASK,17108604825810000
KRW-MASK,2024-03-19,15:01:20,1710860480480,6352.0,1.65302267,7072.0,-720.0,ASK,17108604804800001
KRW-MASK,2024-03-19,15:01:20,1710860480480,6352.0,1.65302267,7072.0,-720.0,ASK,17108604804800000
KRW-MASK,2024-03-19,15:01:19,1710860479917,6353.0,59.70077128,7072.0,-719.0,ASK,17108604799170001
KRW-MASK,2024-03-19,15:01:19,1710860479917,6353.0,101.50061602,7072.0,-719.0,ASK,17108604799170000
KRW-MASK,2024-03-19,15:01:19,1710860479327,6353.0,55.90533392,7072.0,-719.0,ASK,17108604793270004
KRW-MASK,2024-03-19,15:01:19,1710860479327,6353.0,9.52821244,7072.0,-719.0,ASK,17108604793270003
KRW-MASK,2024-03-19,15:01:19,1710860479327,6353.0,1.65276247,7072.0,-719.0,ASK,17108604793270002
KRW-MASK,2024-03-19,15:01:19,1710860479327,6353.0,1.0,7072.0,-719.0,ASK,17108604793270001
KRW-MASK,2024-03-19,15:01:19,1710860479327,6353.0,1.0,7072.0,-719.0,ASK,17108604793270000
KRW-MASK,2024-03-19,15:01:19,1710860479071,6354.0,10.19082467,7072.0,-718.0,ASK,17108604790710000
KRW-MASK,2024-03-19,15:01:17,1710860477273,6355.0,15.73564123,7072.0,-717.0,ASK,17108604772730000
KRW-MASK,2024-03-19,15:01:16,1710860476447,6359.0,28.06821889,7072.0,-713.0,ASK,17108604764470000
KRW-MASK,2024-03-19,15:01:16,1710860476398,6359.0,114.82453179,7072.0,-713.0,ASK,17108604763980000
KRW-MASK,2024-03-19,15:01:16,1710860476388,6359.0,61.23975028,7072.0,-713.0,ASK,17108604763880000
KRW-MASK,2024-03-19,15:01:16,1710860476213,6359.0,774.37981545,7072.0,-713.0,BID,17108604762130000
KRW-MASK,2024-03-19,15:01:15,1710860475433,6357.0,157.30690577,7072.0,-715.0,ASK,17108604754330000
KRW-MASK,2024-03-19,15:01:14,1710860474860,6358.0,377.47205986,7072.0,-714.0,ASK,17108604748600000
KRW-MASK,2024-03-19,15:01:14,1710860474778,6358.0,10.11640976,7072.0,-714.0,ASK,17108604747780000
KRW-MASK,2024-03-19,15:01:14,1710860474695,6358.0,42.40791941,7072.0,-714.0,ASK,17108604746950002
KRW-MASK,2024-03-19,15:01:14,1710860474695,6358.0,15.720352,7072.0,-714.0,ASK,17108604746950001
KRW-MASK,2024-03-19,15:01:14,1710860474695,6358.0,54.93402333,7072.0,-714.0,ASK,17108604746950000
KRW-MASK,2024-03-19,15:01:14,1710860474687,6358.0,102.34814087,7072.0,-714.0,ASK,17108604746870000
KRW-MASK,2024-03-19,15:01:13,1710860473136,6359.0,4.71698113,7072.0,-713.0,BID,17108604731360000
KRW-MASK,2024-03-19,15:01:07,1710860467935,6360.0,211.71405698,7072.0,-712.0,ASK,17108604679350000
KRW-MASK,2024-03-19,15:01:07,1710860467321,6360.0,24.59080188,7072.0,-712.0,ASK,17108604673210000
KRW-MASK,2024-03-19,15:01:07,1710860467240,6360.0,7.21691786,7072.0,-712.0,ASK,17108604672400002
KRW-MASK,2024-03-19,15:01:07,1710860467240,6360.0,2.0,7072.0,-712.0,ASK,17108604672400001
KRW-MASK,2024-03-19,15:01:07,1710860467240,6360.0,59.30209051,7072.0,-712.0,ASK,17108604672400000
KRW-MASK,2024-03-19,15:01:06,1710860466384,6360.0,29.89076886,7072.0,-712.0,ASK,17108604663840000
KRW-MASK,2024-03-19,15:01:05,1710860465608,6360.0,67.79520235,7072.0,-712.0,ASK,17108604656080000
KRW-MASK,2024-03-19,15:01:02,1710860462830,6360.0,75.41531062,7072.0,-712.0,ASK,17108604628300000
KRW-MASK,2024-03-19,15:01:02,1710860462782,6360.0,70.01500299,7072.0,-712.0,ASK,17108604627820000
KRW-MASK,2024-03-19,15:01:00,1710860460915,6360.0,12.04703347,7072.0,-712.0,ASK,17108604609150002
KRW-MASK,2024-03-19,15:01:00,1710860460915,6360.0,0.4294016,7072.0,-712.0,ASK,17108604609150001
KRW-MASK,2024-03-19,15:01:00,1710860460915,6362.0,15.71832756,7072.0,-710.0,ASK,17108604609150000
KRW-MASK,2024-03-19,15:01:00,1710860460869,6363.0,93.98254211,7072.0,-709.0,ASK,17108604608690000
KRW-MASK,2024-03-19,15:01:00,1710860460009,6363.0,40.27823233,7072.0,-709.0,ASK,17108604600090000
KRW-MASK,2024-03-19,15:00:59,1710860459088,6363.0,22.89779856,7072.0,-709.0,ASK,17108604590880001
KRW-MASK,2024-03-19,15:00:59,1710860459088,6363.0,34.64253334,7072.0,-709.0,ASK,17108604590880000
KRW-MASK,2024-03-19,15:00:58,1710860458180,6363.0,23.92699884,7072.0,-709.0,ASK,17108604581800000
KRW-MASK,2024-03-19,15:00:57,1710860457254,6363.0,24.0,7072.0,-709.0,ASK,17108604572540000
KRW-MASK,2024-03-19,15:00:57,1710860457160,6366.0,23.97230182,7072.0,-706.0,BID,17108604571600001
KRW-MASK,2024-03-19,15:00:57,1710860457160,6364.0,9.75417846,7072.0,-708.0,BID,17108604571600000
KRW-MASK,2024-03-19,15:00:57,1710860457007,6366.0,39.11768786,7072.0,-706.0,ASK,17108604570070000
KRW-MASK,2024-03-19,15:00:50,1710860450329,6367.0,49.34699858,7072.0,-705.0,ASK,17108604503290000
KRW-MASK,2024-03-19,15:00:47,1710860447880,6367.0,20.28488456,7072.0,-705.0,ASK,17108604478800001
KRW-MASK,2024-03-19,15:00:47,1710860447880,6367.0,0.86382911,7072.0,-705.0,ASK,17108604478800000
KRW-MASK,2024-03-19,15:00:43,1710860443670,6369.0,1e-08,7072.0,-703.0,ASK,17108604436700000
KRW-MASK,2024-03-19,15:00:43,1710860443584,6369.0,368.56823385,7072.0,-703.0,ASK,17108604435840000
KRW-MASK,2024-03-19,15:00:43,1710860443186,6369.0,65.80559507,7072.0,-703.0,ASK,17108604431860000
KRW-MASK,2024-03-19,15:00:43,1710860443131,6369.0,36.65773018,7072.0,-703.0,ASK,17108604431310003
KRW-MASK,2024-03-19,15:00:43,1710860443131,6369.0,1.64861045,7072.0,-703.0,ASK,17108604431310002
KRW-MASK,2024-03-19,15:00:43,1710860443131,6369.0,1.64861045,7072.0,-703.0,ASK,17108604431310001
KRW-MASK,2024-03-19,15:00:43,1710860443131,6369.0,1.64861045,7072.0,-703.0,ASK,17108604431310000
KRW-MASK,2024-03-19,15:00:43,1710860443082,6370.0,1e-08,7072.0,-702.0,ASK,17108604430820000
KRW-MASK,2024-03-19,15:00:43,1710860443046,6370.0,14.62065137,7072.0,-702.0,ASK,17108604430460003
KRW-MASK,2024-03-19,15:00:43,1710860443046,6370.0,1.64835164,7072.0,-702.0,ASK,17108604430460002
KRW-MASK,2024-03-19,15:00:43,1710860443046,6371.0,1.5696,7072.0,-701.0,ASK,17108604430460001
KRW-MASK,2024-03-19,15:00:43,1710860443046,6371.0,1.64809292,7072.0,-701.0,ASK,17108604430460000
KRW-MASK,2024-03-19,15:00:41,1710860441206,6372.0,47.203586,7072.0,-700.0,ASK,17108604412060000
KRW-MASK,2024-03-19,15:00:38,1710860438701,6372.0,20.23010828,7072.0,-700.0,ASK,17108604387010000
KRW-MASK,2024-03-19,15:00:37,1710860437642,6372.0,47.08097928,7072.0,-700.0,ASK,17108604376420002
KRW-MASK,2024-03-19,15:00:37,1710860437642,6372.0,15.69365976,7072.0,-700.0,ASK,17108604376420001
KRW-MASK,2024-03-19,15:00:37,1710860437642,6372.0,1.64783427,7072.0,-700.0,ASK,17108604376420000
KRW-MASK,2024-03-19,15:00:34,1710860434214,6375.0,1.5686,7072.0,-697.0,ASK,17108604342140001
KRW-MASK,2024-03-19,15:00:34,1710860434214,6375.0,15.20129236,7072.0,-697.0,ASK,17108604342140000
KRW-MASK,2024-03-19,15:00:30,1710860430049,6382.0,156.69069257,7072.0,-690.0,BID,17108604300490000
KRW-MASK,2024-03-19,15:00:26,1710860426053,6375.0,141.66145273,7072.0,-697.0,BID,17108604260530000
KRW-MASK,2024-03-19,15:00:09,1710860409049,6375.0,401.3129836,7072.0,-697.0,BID,17108604090490000
KRW-MASK,2024-03-19,15:00:08,1710860408971,6375.0,61.9306361,7072.0,-697.0,ASK,17108604089710000
KRW-MASK,2024-03-19,15:00:06,1710860406500,6375.0,156.15240474,7072.0,-697.0,ASK,17108604065000000
KRW-MASK,2024-03-19,14:59:59,1710860399608,6375.0,242.02554301,7072.0,-697.0,ASK,17108603996080000
KRW-MASK,2024-03-19,14:59:49,1710860389124,6375.0,31.8555,7072.0,-697.0,ASK,17108603891240000
KRW-MASK,2024-03-19,14:59:48,1710860388055,6375.0,1.13791969,7072.0,-697.0,ASK,17108603880550000
KRW-MASK,2024-03-19,14:59:47,1710860387797,6375.0,3.14446146,7072.0,-697.0,ASK,17108603877970000
KRW-MASK,2024-03-19,14:59:38,1710860378536,6373.0,48.87186632,7072.0,-699.0,BID,17108603785360000
KRW-MASK,2024-03-19,14:59:38,1710860378401,6373.0,839.0,7072.0,-699.0,ASK,17108603784010001
KRW-MASK,2024-03-19,14:59:38,1710860378401,6373.0,50.0,7072.0,-699.0,ASK,17108603784010000
KRW-MASK,2024-03-19,14:59:18,1710860358142,6375.0,5.01792147,7072.0,-697.0,BID,17108603581420000
KRW-MASK,2024-03-19,14:59:10,1710860350537,6375.0,116.82183514,7072.0,-697.0,ASK,17108603505370000
KRW-MASK,2024-03-19,14:59:02,1710860342010,6375.0,331.04294149,7072.0,-697.0,ASK,17108603420100001
KRW-MASK,2024-03-19,14:59:02,1710860342010,6376.0,132.24591569,7072.0,-696.0,ASK,17108603420100000
KRW-MASK,2024-03-19,14:59:00,1710860340517,6376.0,2.6043823,7072.0,-696.0,ASK,17108603405170000
KRW-MASK,2024-03-19,14:58:53,1710860333278,6375.0,61.750063,7072.0,-697.0,ASK,17108603332780003
KRW-MASK,2024-03-19,14:58:53,1710860333278,6375.0,8.34906783,7072.0,-697.0,ASK,17108603332780002
KRW-MASK,2024-03-19,14:58:53,1710860333278,6375.0,248.75694117,7072.0,-697.0,ASK,17108603332780001
KRW-MASK,2024-03-19,14:58:53,1710860333278,6380.0,781.49906238,7072.0,-692.0,ASK,17108603332780000
KRW-MASK,2024-03-19,14:58:49,1710860329951,6380.0,48.03046419,7072.0,-692.0,ASK,17108603299510000
KRW-MASK,2024-03-19,14:58:45,1710860325333,6382.0,795.12139405,7072.0,-690.0,ASK,17108603253330000
KRW-MASK,2024-03-19,14:58:42,1710860322209,6382.0,142.75047227,7072.0,-690.0,BID,17108603222090000
KRW-MASK,2024-03-19,14:58:41,1710860321717,6380.0,16.08109537,7072.0,-692.0,ASK,17108603217170001
KRW-MASK,2024-03-19,14:58:41,1710860321717,6380.0,61.96581867,7072.0,-692.0,ASK,17108603217170000
KRW-MASK,2024-03-19,14:58:38,1710860318463,6380.0,112.07947913,7072.0,-692.0,ASK,17108603184630003
KRW-MASK,2024-03-19,14:58:38,1710860318463,6380.0,5.64263322,7072.0,-692.0,ASK,17108603184630002
KRW-MASK,2024-03-19,14:58:38,1710860318463,6380.0,100.0,7072.0,-692.0,ASK,17108603184630001
KRW-MASK,2024-03-19,14:58:38,1710860318463,6380.0,2.37788765,7072.0,-692.0,ASK,17108603184630000
KRW-MASK,2024-03-19,14:58:27,1710860307662,6380.0,11.887525,7072.0,-692.0,ASK,17108603076620000
KRW-MASK,2024-03-19,14:58:24,1710860304831,6380.0,85.73458735,7072.0,-692.0,ASK,17108603048310001
KRW-MASK,2024-03-19,14:58:24,1710860304831,6380.0,224.19195464,7072.0,-692.0,ASK,17108603048310000
KRW-MASK,2024-03-19,14:58:22,1710860302437,6382.0,1.09683484,7072.0,-690.0,BID,17108603024370000
KRW-MASK,2024-03-19,14:58:21,1710860301022,6381.0,53.98906736,7072.0,-691.0,BID,17108603010220000
KRW-MASK,2024-03-19,14:58:20,1710860300900,6381.0,52.78229512,7072.0,-691.0,BID,17108603009000000
KRW-MASK,2024-03-19,14:58:17,1710860297708,6381.0,46.45825836,7072.0,-691.0,BID,17108602977080000
KRW-MASK,2024-03-19,14:58:13,1710860293958,6380.0,591.27099194,7072.0,-692.0,ASK,17108602939580000
KRW-MASK,2024-03-19,14:58:13,1710860293328,6381.0,3.08621743,7072.0,-691.0,BID,17108602933280000
KRW-MASK,2024-03-19,14:58:10,1710860290970,6380.0,279.48074765,7072.0,-692.0,ASK,17108602909700000
KRW-MASK,2024-03-19,14:58:05,1710860285068,6380.0,3.08975745,7072.0,-692.0,ASK,17108602850680000
KRW-MASK,2024-03-19,14:57:58,1710860278884,6381.0,3.25552421,7072.0,-691.0,BID,17108602788840000
KRW-MASK,2024-03-19,14:57:56,1710860276951,6380.0,186.69665479,7072.0,-692.0,ASK,17108602769510000
KRW-MASK,2024-03-19,14:57:56,1710860276254,6380.0,46.29825828,7072.0,-692.0,ASK,17108602762540000
KRW-MASK,2024-03-19,14:57:54,1710860274953,6380.0,96.35048678,7072.0,-692.0,ASK,17108602749530000
KRW-MASK,2024-03-19,14:57:54,1710860274029,6380.0,101.82525677,7072.0,-692.0,ASK,17108602740290000
KRW-MASK,2024-03-19,14:57:53,1710860273373,6380.0,38.19401082,7072.0,-692.0,ASK,17108602733730000
KRW-MASK,2024-03-19,14:57:53,1710860273272,6381.0,460.99528297,7072.0,-691.0,ASK,17108602732720000
KRW-MASK,2024-03-19,14:57:53,1710860273268,6381.0,293.80080299,7072.0,-691.0,ASK,17108602732680000
KRW-MASK,2024-03-19,14:57:53,1710860273265,6381.0,342.5063506,7072.0,-691.0,ASK,17108602732650000
KRW-MASK,2024-03-19,14:57:53,1710860273153,6381.0,93.55740687,7072.0,-691.0,ASK,17108602731530000
KRW-MASK,2024-03-19,14:57:53,1710860273148,6381.0,100.92032573,7072.0,-691.0,ASK,17108602731480000
KRW-MASK,2024-03-19,14:57:52,1710860272913,6381.0,293.80079306,7072.0,-691.0,ASK,17108602729130000
KRW-MASK,2024-03-19,14:57:52,1710860272871,6381.0,197.55918238,7072.0,-691.0,ASK,17108602728710000
KRW-MASK,2024-03-19,14:57:52,1710860272823,6381.0,23.11523704,7072.0,-691.0,ASK,17108602728230000
KRW-MASK,2024-03-19,14:57:50,1710860270448,6381.0,130.88175432,7072.0,-691.0,ASK,17108602704480000
KRW-MASK,2024-03-19,14:57:48,1710860268290,6381.0,72.4,7072.0,-691.0,ASK,17108602682900000
KRW-MASK,2024-03-19,14:57:46,1710860266365,6381.0,51.1,7072.0,-691.0,ASK,17108602663650000
KRW-MASK,2024-03-19,14:57:46,1710860266024,6381.0,546.70342355,7072.0,-691.0,ASK,17108602660240000
KRW-MASK,2024-03-19,14:57:45,1710860265942,6381.0,80.71889319,7072.0,-691.0,ASK,17108602659420000
KRW-MASK,2024-03-19,14:57:45,1710860265940,6381.0,140.31319819,7072.0,-691.0,ASK,17108602659400000
KRW-MASK,2024-03-19,14:57:45,1710860265929,6381.0,274.73928571,7072.0,-691.0,ASK,17108602659290000
KRW-MASK,2024-03-19,14:57:45,1710860265926,6381.0,93.85429703,7072.0,-691.0,ASK,17108602659260000
KRW-MASK,2024-03-19,14:57:42,1710860262789,6381.0,51.62495424,7072.0,-691.0,BID,17108602627890000
KRW-MASK,2024-03-19,14:57:42,1710860262065,6381.0,1.56715248,7072.0,-691.0,BID,17108602620650000
KRW-MASK,2024-03-19,14:57:34,1710860254197,6381.0,420.7805376,7072.0,-691.0,ASK,17108602541970000
KRW-MASK,2024-03-19,14:57:27,1710860247152,6381.0,298.26259593,7072.0,-691.0,ASK,17108602471520000
KRW-MASK,2024-03-19,14:57:25,1710860245376,6382.0,100.0,7072.0,-690.0,BID,17108602453760000
KRW-MASK,2024-03-19,14:57:23,1710860243515,6381.0,471.31132822,7072.0,-691.0,ASK,17108602435150000
KRW-MASK,2024-03-19,14:57:23,1710860243421,6381.0,82.66926772,7072.0,-691.0,BID,17108602434210000
KRW-MASK,2024-03-19,14:57:20,1710860240273,6381.0,39.17881209,7072.0,-691.0,ASK,17108602402730001
KRW-MASK,2024-03-19,14:57:20,1710860240273,6381.0,19.20130775,7072.0,-691.0,ASK,17108602402730000
KRW-MASK,2024-03-19,14:57:14,1710860234699,6381.0,56.06555654,7072.0,-691.0,ASK,17108602346990002
KRW-MASK,2024-03-19,14:57:14,1710860234699,6381.0,31.5,7072.0,-691.0,ASK,17108602346990001
KRW-MASK,2024-03-19,14:57:14,1710860234699,6382.0,38.06258416,7072.0,-690.0,ASK,17108602346990000
KRW-MASK,2024-03-19,14:57:14,1710860234678,6388.0,0.78271759,7072.0,-684.0,BID,17108602346780000
KRW-MASK,2024-03-19,14:57:13,1710860233171,6382.0,31.807213,7072.0,-690.0,ASK,17108602331710003
KRW-MASK,2024-03-19,14:57:13,1710860233171,6382.0,42.41765904,7072.0,-690.0,ASK,17108602331710002
KRW-MASK,2024-03-19,14:57:13,1710860233171,6382.0,15.66906926,7072.0,-690.0,ASK,17108602331710001
KRW-MASK,2024-03-19,14:57:13,1710860233171,6382.0,16.60738933,7072.0,-690.0,ASK,17108602331710000
KRW-MASK,2024-03-19,14:57:04,1710860224408,6382.0,160.43429553,7072.0,-690.0,ASK,17108602244080000
KRW-MASK,2024-03-19,14:57:03,1710860223023,6382.0,11.23826147,7072.0,-690.0,ASK,17108602230230000
KRW-MASK,2024-03-19,14:56:49,1710860209167,6382.0,136.30346725,7072.0,-690.0,ASK,17108602091670000
KRW-MASK,2024-03-19,14:56:49,1710860209130,6382.0,87.66724289,7072.0,-690.0,ASK,17108602091300000
KRW-MASK,2024-03-19,14:56:45,1710860205677,6382.0,109.44295096,7072.0,-690.0,ASK,17108602056770000
KRW-MASK,2024-03-19,14:56:37,1710860197376,6382.0,30.6,7072.0,-690.0,ASK,17108601973760000
KRW-MASK,2024-03-19,14:56:35,1710860195934,6382.0,20.79143182,7072.0,-690.0,ASK,17108601959340000
KRW-MASK,2024-03-19,14:56:35,1710860195880,6382.0,8.04871226,7072.0,-690.0,ASK,17108601958800003
KRW-MASK,2024-03-19,14:56:35,1710860195880,6382.0,100.94979179,7072.0,-690.0,ASK,17108601958800002
KRW-MASK,2024-03-19,14:56:35,1710860195880,6383.0,14.10827849,7072.0,-689.0,ASK,17108601958800001
KRW-MASK,2024-03-19,14:56:35,1710860195880,6384.0,1.0,7072.0,-688.0,ASK,17108601958800000
KRW-MASK,2024-03-19,14:56:35,1710860195861,6387.0,297.33916652,7072.0,-685.0,ASK,17108601958610000
KRW-MASK,2024-03-19,14:56:35,1710860195852,6387.0,116.35010864,7072.0,-685.0,ASK,17108601958520000
KRW-MASK,2024-03-19,14:56:35,1710860195765,6387.0,3.20516902,7072.0,-685.0,BID,17108601957650001
KRW-MASK,2024-03-19,14:56:35,1710860195765,6387.0,92.27175278,7072.0,-685.0,BID,17108601957650000
KRW-MASK,2024-03-19,14:56:26,1710860186626,6387.0,1.56568028,7072.0,-685.0,BID,17108601866260000
KRW-MASK,2024-03-19,14:56:21,1710860181016,6387.0,40.21604273,7072.0,-685.0,BID,17108601810160000
KRW-MASK,2024-03-19,14:56:19,1710860179135,6387.0,5.0,7072.0,-685.0,BID,17108601791350000
KRW-MASK,2024-03-19,14:56:10,1710860170331,6387.0,31.21484264,7072.0,-685.0,BID,17108601703310000
KRW-MASK,2024-03-19,14:56:01,1710860161147,6383.0,346.22385373,7072.0,-689.0,BID,17108601611470000
KRW-MASK,2024-03-19,14:56:00,1710860160359,6383.0,39.70297452,7072.0,-689.0,BID,17108601603590000
KRW-MASK,2024-03-19,14:55:58,1710860158249,6383.0,29.46897177,7072.0,-689.0,BID,17108601582490000
KRW-MASK,2024-03-19,14:55:58,1710860158209,6383.0,100.00266343,7072.0,-689.0,BID,17108601582090000
KRW-MASK,2024-03-19,14:55:58,1710860158149,6383.0,78.92543661,7072.0,-689.0,BID,17108601581490000
KRW-MASK,2024-03-19,14:55:58,1710860158141,6383.0,84.63898147,7072.0,-689.0,BID,17108601581410000
KRW-MASK,2024-03-19,14:55:57,1710860157195,6383.0,44.1785644,7072.0,-689.0,BID,17108601571950000
KRW-MASK,2024-03-19,14:55:54,1710860154296,6383.0,172.23508505,7072.0,-689.0,ASK,17108601542960000
KRW-MASK,2024-03-19,14:55:48,1710860148331,6383.0,1.9,7072.0,-689.0,ASK,17108601483310000
KRW-MASK,2024-03-19,14:55:41,1710860141109,6382.0,201.47340026,7072.0,-690.0,ASK,17108601411090000
KRW-MASK,2024-03-19,14:55:33,1710860133415,6382.0,1264.48373367,7072.0,-690.0,ASK,17108601334150001
KRW-MASK,2024-03-19,14:55:33,1710860133415,6383.0,131.45255342,7072.0,-689.0,ASK,17108601334150000
KRW-MASK,2024-03-19,14:55:32,1710860132138,6383.0,46.58786324,7072.0,-689.0,ASK,17108601321380000
KRW-MASK,2024-03-19,14:55:22,1710860122946,6383.0,56.9588,7072.0,-689.0,ASK,17108601229460001
KRW-MASK,2024-03-19,14:55:22,1710860122946,6383.0,121.9412,7072.0,-689.0,ASK,17108601229460000
KRW-MASK,2024-03-19,14:55:18,1710860118722,6383.0,15.60948259,7072.0,-689.0,ASK,17108601187220001
KRW-MASK,2024-03-19,14:55:18,1710860118722,6385.0,96.78350026,7072.0,-687.0,ASK,17108601187220000
KRW-MASK,2024-03-19,14:55:17,1710860117251,6387.0,3.13087038,7072.0,-685.0,BID,17108601172510000
KRW-MASK,2024-03-19,14:55:12,1710860112834,6387.0,22.40535678,7072.0,-685.0,BID,17108601128340001
KRW-MASK,2024-03-19,14:55:12,1710860112834,6387.0,134.13816231,7072.0,-685.0,BID,17108601128340000
KRW-MASK,2024-03-19,14:55:11,1710860111651,6385.0,13.18344265,7072.0,-687.0,ASK,17108601116510002
KRW-MASK,2024-03-19,14:55:11,1710860111651,6385.0,9.26789794,7072.0,-687.0,ASK,17108601116510001
KRW-MASK,2024-03-19,14:55:11,1710860111651,6386.0,7.01763117,7072.0,-686.0,ASK,17108601116510000
KRW-MASK,2024-03-19,14:54:40,1710860080995,6388.0,11.40450845,7072.0,-684.0,BID,17108600809950000
KRW-MASK,2024-03-19,14:54:39,1710860079960,6388.0,38.75564209,7072.0,-684.0,ASK,17108600799600000
KRW-MASK,2024-03-19,14:54:33,1710860073244,6388.0,962.21969256,7072.0,-684.0,ASK,17108600732440000
KRW-MASK,2024-03-19,14:54:28,1710860068107,6388.0,25.5,7072.0,-684.0,ASK,17108600681070000
KRW-MASK,2024-03-19,14:54:12,1710860052920,6388.0,473.89557625,7072.0,-684.0,ASK,17108600529200005
KRW-MASK,2024-03-19,14:54:12,1710860052920,6390.0,44.91165997,7072.0,-682.0,ASK,17108600529200004
KRW-MASK,2024-03-19,14:54:12,1710860052920,6390.0,30.0,7072.0,-682.0,ASK,17108600529200003
KRW-MASK,2024-03-19,14:54:12,1710860052920,6390.0,6.04116828,7072.0,-682.0,ASK,17108600529200002
KRW-MASK,2024-03-19,14:54:12,1710860052920,6391.0,20.0,7072.0,-681.0,ASK,17108600529200001
KRW-MASK,2024-03-19,14:54:12,1710860052920,6391.0,472.65430029,7072.0,-681.0,ASK,17108600529200000
KRW-MASK,2024-03-19,14:54:03,1710860043782,6398.0,133.47062011,7072.0,-674.0,BID,17108600437820000
KRW-MASK,2024-03-19,14:53:30,1710860010151,6390.0,18.91549295,7072.0,-682.0,ASK,17108600101510001
KRW-MASK,2024-03-19,14:53:30,1710860010151,6390.0,23.55285481,7072.0,-682.0,ASK,17108600101510000
KRW-MASK,2024-03-19,14:53:29,1710860009256,6390.0,34.31760687,7072.0,-682.0,ASK,17108600092560000
KRW-MASK,2024-03-19,14:53:25,1710860005377,6390.0,247.07125,7072.0,-682.0,ASK,17108600053770000
KRW-MASK,2024-03-19,14:53:25,1710860005376,6390.0,85.121664,7072.0,-682.0,ASK,17108600053760000
KRW-MASK,2024-03-19,14:53:22,1710860002212,6390.0,38.48044289,7072.0,-682.0,ASK,17108600022120001
KRW-MASK,2024-03-19,14:53:22,1710860002212,6390.0,30.0,7072.0,-682.0,ASK,17108600022120000
KRW-MASK,2024-03-19,14:53:15,1710859995725,6398.0,165.45498593,7072.0,-674.0,BID,17108599957250000
KRW-MASK,2024-03-19,14:52:37,1710859957835,6398.0,1009.95295404,7072.0,-674.0,BID,17108599578350000
KRW-MASK,2024-03-19,14:52:31,1710859951481,6389.0,72.10106462,7072.0,-683.0,ASK,17108599514810000
KRW-MASK,2024-03-19,14:52:28,1710859948597,6388.0,100.0,7072.0,-684.0,ASK,17108599485970000
KRW-MASK,2024-03-19,14:52:28,1710859948055,6388.0,1567.13021744,7072.0,-684.0,ASK,17108599480550001
KRW-MASK,2024-03-19,14:52:28,1710859948055,6388.0,14.08892,7072.0,-684.0,ASK,17108599480550000
KRW-MASK,2024-03-19,14:52:02,1710859922054,6383.0,220.0,7072.0,-689.0,ASK,17108599220540000
KRW-MASK,2024-03-19,14:52:00,1710859920856,6383.0,68.12039229,7072.0,-689.0,ASK,17108599208560000
KRW-MASK,2024-03-19,14:51:59,1710859919162,6383.0,142.089,7072.0,-689.0,ASK,17108599191620000
KRW-MASK,2024-03-19,14:51:57,1710859917653,6382.0,46.58786324,7072.0,-690.0,ASK,17108599176530002
KRW-MASK,2024-03-19,14:51:57,1710859917653,6383.0,1.56666144,7072.0,-689.0,ASK,17108599176530001
KRW-MASK,2024-03-19,14:51:57,1710859917653,6383.0,14.31506459,7072.0,-689.0,ASK,17108599176530000
KRW-MASK,2024-03-19,14:51:53,1710859913066,6383.0,35.68493541,7072.0,-689.0,ASK,17108599130660000
KRW-MASK,2024-03-19,14:51:50,1710859910155,6383.0,26.7,7072.0,-689.0,ASK,17108599101550000
KRW-MASK,2024-03-19,14:51:46,1710859906082,6383.0,69.06591775,7072.0,-689.0,ASK,17108599060820000
KRW-MASK,2024-03-19,14:51:42,1710859902158,6381.0,23.99999999,7072.0,-691.0,ASK,17108599021580000
KRW-MASK,2024-03-19,14:51:37,1710859897610,6381.0,33.51398907,7072.0,-691.0,ASK,17108598976100000
KRW-MASK,2024-03-19,14:51:36,1710859896612,6405.0,10.08409458,7072.0,-667.0,BID,17108598966120002
KRW-MASK,2024-03-19,14:51:36,1710859896612,6405.0,264.8,7072.0,-667.0,BID,17108598966120001
KRW-MASK,2024-03-19,14:51:36,1710859896612,6405.0,23.46244131,7072.0,-667.0,BID,17108598966120000
KRW-MASK,2024-03-19,14:51:29,1710859889534,6409.0,155.40677172,7072.0,-663.0,BID,17108598895340000
KRW-MASK,2024-03-19,14:51:27,1710859887691,6390.0,23.46244131,7072.0,-682.0,ASK,17108598876910000
KRW-MASK,2024-03-19,14:51:23,1710859883840,6383.0,1581.21913744,7072.0,-689.0,ASK,17108598838400007
KRW-MASK,2024-03-19,14:51:23,1710859883840,6383.0,156.68143506,7072.0,-689.0,ASK,17108598838400006
KRW-MASK,2024-03-19,14:51:23,1710859883840,6386.0,272.0,7072.0,-686.0,ASK,17108598838400005
KRW-MASK,2024-03-19,14:51:23,1710859883840,6387.0,4.87621914,7072.0,-685.0,ASK,17108598838400004
KRW-MASK,2024-03-19,14:51:23,1710859883840,6388.0,6.25861145,7072.0,-684.0,ASK,17108598838400003
KRW-MASK,2024-03-19,14:51:23,1710859883840,6388.0,16.98926926,7072.0,-684.0,ASK,17108598838400002
KRW-MASK,2024-03-19,14:51:23,1710859883840,6389.0,839.0,7072.0,-683.0,ASK,17108598838400001
KRW-APT,2024-03-19,15:11:28,1710861088851,24250.0,10.06464213,21140.0,3110.0,ASK,17108610888510001
KRW-APT,2024-03-19,15:11:28,1710861088851,24260.0,19.09155894,21140.0,3120.0,ASK,17108610888510000
KRW-APT,2024-03-19,15:11:28,1710861088012,24280.0,4.11861614,21140.0,3140.0,BID,17108610880120000
KRW-APT,2024-03-19,15:11:27,1710861087618,24260.0,0.20610058,21140.0,3120.0,BID,17108610876180000
KRW-APT,2024-03-19,15:11:25,1710861085964,24250.0,6.55104051,21140.0,3110.0,ASK,17108610859640001
KRW-APT,2024-03-19,15:11:25,1710861085964,24250.0,2.41792375,21140.0,3110.0,ASK,17108610859640000
KRW-APT,2024-03-19,15:11:25,1710861085540,24250.0,17.08279831,21140.0,3110.0,ASK,17108610855400001
KRW-APT,2024-03-19,15:11:25,1710861085540,24250.0,3.75884222,21140.0,3110.0,ASK,17108610855400000
KRW-APT,2024-03-19,15:11:25,1710861085396,24280.0,39.34089785,21140.0,3140.0,BID,17108610853960000
KRW-APT,2024-03-19,15:11:25,1710861085205,24280.0,7.26911037,21140.0,3140.0,BID,17108610852050000
KRW-APT,2024-03-19,15:11:24,1710861084796,24250.0,0.20618557,21140.0,3110.0,ASK,17108610847960000
KRW-APT,2024-03-19,15:11:24,1710861084494,24250.0,51.71553079,21140.0,3110.0,ASK,17108610844940000
KRW-APT,2024-03-19,15:11:24,1710861084333,24250.0,0.41216505,21140.0,3110.0,ASK,17108610843330000
KRW-APT,2024-03-19,15:11:24,1710861084052,24250.0,31.3344,21140.0,3110.0,ASK,17108610840520000
KRW-APT,2024-03-19,15:11:23,1710861083175,24240.0,1028.44066389,21140.0,3100.0,ASK,17108610831750013
KRW-APT,2024-03-19,15:11:23,1710861083175,24240.0,20.79653465,21140.0,3100.0,ASK,17108610831750012
KRW-APT,2024-03-19,15:11:23,1710861083175,24240.0,8.25082508,21140.0,3100.0,ASK,17108610831750011
KRW-APT,2024-03-19,15:11:23,1710861083175,24240.0,8.20014385,21140.0,3100.0,ASK,17108610831750010
KRW-APT,2024-03-19,15:11:23,1710861083175,24240.0,157.05031147,21140.0,3100.0,ASK,17108610831750009
KRW-APT,2024-03-19,15:11:23,1710861083175,24240.0,3.19727722,21140.0,3100.0,ASK,17108610831750008
KRW-APT,2024-03-19,15:11:23,1710861083175,24240.0,19.28695053,21140.0,3100.0,ASK,17108610831750007
KRW-APT,2024-03-19,15:11:23,1710861083175,24250.0,1.0,21140.0,3110.0,ASK,17108610831750006
KRW-APT,2024-03-19,15:11:23,1710861083175,24250.0,8.24742268,21140.0,3110.0,ASK,17108610831750005
KRW-APT,2024-03-19,15:11:23,1710861083175,24250.0,0.41237113,21140.0,3110.0,ASK,17108610831750004
KRW-APT,2024-03-19,15:11:23,1710861083175,24250.0,4.69010855,21140.0,3110.0,ASK,17108610831750003
KRW-APT,2024-03-19,15:11:23,1710861083175,24250.0,7.78583903,21140.0,3110.0,ASK,17108610831750002
KRW-APT,2024-03-19,15:11:23,1710861083175,24250.0,17.50173288,21140.0,3110.0,ASK,17108610831750001
KRW-APT,2024-03-19,15:11:23,1710861083175,24260.0,378.48847159,21140.0,3120.0,ASK,17108610831750000
KRW-APT,2024-03-19,15:11:23,1710861083117,24260.0,7.8,21140.0,3120.0,ASK,17108610831170000
